3186 5322
663 373 702 434 19

120 587 123 596 .
190 539 300 607 Livius
321 543 435 606 contra
456 561 497 607 us
520 540 573 607 bic
601 540 731 625 quidem
753 540 861 624 addit,
883 541 980 610 ducas
1004 543 1253 631 Carthaginien·

108 647 202 729 sium,
223 647 322 714 luisse
342 646 519 728 discordes,
542 668 647 732 neque
669 648 802 716 consilia
823 649 1041 719 Hasdrubalis
1062 653 1190 720 novisse
1211 653 1256 720 vi-

23 777 26 782 ·
107 753 218 833 detur,
240 774 325 838 quae
347 754 431 820 tanti
461 760 539 820 sunt
561 754 731 836 momenti,
748 762 785 821 ut
808 775 868 822 sua
889 763 1005 840 sponte
1027 761 1147 827 omissa
1175 779 1255 844 6666,

107 881 202 926 nomo
232 862 318 931 sorio
348 859 535 928 contendat.
567 861 691 928 Narrat
712 859 841 944 deinde,
865 865 1025 931 exercitus
1054 866 1117 930 iter
1138 865 1255 932 lacien-

108 974 159 1034 tes
181 968 243 1035 sibi
264 969 396 1035 obviam
418 970 544 1036 venisse
566 976 667 1054 61666
711 991 785 1037 cum
815 972 942 1055 prooIIo
971 973 1141 1040 commisso
1163 975 1256 1058 equi·

108 1081 158 1142 tes
178 1076 359 1143 Poenorum
378 1077 593 1159 vincerentur,
618 1077 726 1161 ipsum
737 1077 975 1145 Hasdrubalem
987 1077 1030 1145 ad
1049 1088 1157 1148 castra
1169 1101 1256 1149 com·

108 1183 283 1250 munienda
311 1192 458 1250 coactum
488 1203 577 1267 esse;
620 1184 756 1268 XXVII,
795 1190 846 1268 18,
882 1190 987 1270 3-43
1021 1191 1111 1275 cujus
1141 1189 1256 1273 proelii

107 1292 252 1376 gravitas
274 1312 362 1358 more
386 1291 550 1358 annalium
573 1297 720 1377 augeturt
764 1291 893 1373 XXVII,
920 1297 969 1376 18,
995 1297 1080 1361 1-3
1103 1294 1255 1377 (6161116-

107 1421 168 1466 666
199 1421 231 1483 p.
266 1401 322 1485 94)
353 1399 535 1483 Descriptio
566 1400 646 1466 situs
680 1405 860 1466 castrorum
883 1421 910 1466 c.
938 1404 987 1482 18,
1012 1407 1096 1467 5-7
1118 1421 1254 1487 prorsus

107 1507 173 1573 alia
196 1513 256 1587 est,
278 1503 376 1592 quam
397 1507 485 1591 apud
506 1507 674 1594 Polybium
686 1507 738 1594 18).
784 1507 893 1592 Scipio
915 1514 1026 1575 autem
1043 1509 1126 1576 duas
1138 1512 1251 1577 cobor-

108 1619 159 1680 tes
183 1615 299 1696 mittit,
323 1613 468 1696 alteram,
500 1635 583 1698 quae
611 1614 724 1682 fauces
746 1615 902 1699 quasdam
931 1615 966 1680 in
988 1622 1081 1701 tergo
1104 1618 1255 1700 hostium,

107 1721 256 1802 alteram,
280 1742 364 1808 quae
385 1722 471 1788 viam
493 1721 536 1787 ad
558 1721 673 1788 urbem
694 1721 867 1788 Baeculam
898 1723 1055 1789 ferentem
1088 1724 1254 1805 insideret,

23 1849 28 1857 ·
107 1849 214 1914 noque
242 1828 391 1910 additur,
421 1827 583 1912 quomodo
606 1828 727 1896 lactum
764 1829 827 1910 sit,
857 1834 895 1895 ut
919 1829 1016 1896 Poeni
1038 1829 1123 1896 bunc
1144 1831 1254 1898 dolum

109 1957 174 2002 non
203 1937 363 2002 senserint
394 1957 421 2002 c.
456 1939 517 2017 18,
550 1938 601 2000 10.
632 1937 661 2001 Α
690 1935 798 2001 fronte
828 1957 902 2002 vero
930 1936 1033 2004 levem
1056 1945 1256 2008 armaturam

107 2044 232 2125 mittit,
257 2045 312 2128 qui
333 2045 471 2128 impigre
494 2043 652 2126 subcunt,
677 2065 760 2128 quas
782 2065 892 2128 pugna
916 2046 983 2111 ritu
1004 2049 1170 2113 annalium
1192 2069 1256 2133 op-

108 2152 186 2217 time
209 2151 414 2222 describitur.
468 2173 495 2217 c.
520 2154 582 2233 18,
620 2155 662 2217 10
709 2154 760 2218 14.
805 2154 914 2237 Atque
944 2155 979 2219 hi
1008 2161 1255 2238 procursatores

109 2259 252 2326 bostium
282 2259 425 2344 pellunt,
459 2259 536 2326 dum
569 2261 641 2343 ipse
663 2259 771 2346 Scipio
799 2281 909 2327 eorum
933 2263 1035 2328 aciem
1063 2265 1255 2332 instructum

109 2366 254 2449 (XXVII,
281 2372 330 2450 18,
357 2371 484 2432 16-20
506 2388 534 2432 c.
558 2370 608 2449 19,
638 2372 679 2450 l.)
702 2374 828 2453 atergo
852 2375 951 2454 atque
982 2369 1184 2438 aluteribus
1207 2374 1255 2438 in·

106 2475 209 2557 uadit,
231 2495 412 2560 magnaque
434 2481 545 2560 strage
566 2475 656 2542 edita
676 2477 773 2559 pauci
795 2497 873 2543 casu
896 2477 1048 2563 quodam,
1066 2479 1253 2563 utvidetur,

109 2583 277 2668 effugiunt.
319 2584 452 2670 (Nissen
474 2605 507 2668 p.
533 2587 596 2670 94.)
639 2585 732 2652 Nunc
754 2585 883 2652 demum
907 2609 933 2652 c.
959 2592 1010 2668 19,
1036 2588 1052 2652 l
1077 2587 1186 2655 Livius
1207 2588 1255 2655 di·

108 2693 173 2773 cit,
200 2690 437 2758 Hasdrubalem
468 2691 651 2778 Pyrenaeos
682 2691 833 2776 petiisse,
863 2711 901 2758 ac
929 2691 1060 2772 XXVII,
1085 2699 1136 2775 20,
1170 2701 1256 2760 4-8

106 2797 243 2864 demum·
263 2798 303 2864 06
325 2797 542 2864 Hasdrubalis
564 2796 697 2864 oonsilio
719 2798 754 2863 in
775 2797 905 2864 ItaIIam
917 2799 1140 2882 proficiscendi
1150 2820 1256 2885 pauca

114 2907 277 2973 audimus.
323 2906 371 2990 (L.
394 2905 495 2988 XXV,
517 2911 569 2988 32,
594 2910 613 2972 3
636 2906 692 2973 ubi
714 2906 755 2973 de
776 2912 871 2991 patre
881 2914 915 2974 et
931 2907 1086 2975 avunculo
1098 2907 1256 2995 Scipionis

111 3016 241 3100 agitur,
265 3036 325 3085 suo
343 3018 416 3101 jure
438 3036 503 3082 nou
526 3016 800 3102 commemoravi).

197 3123 352 3190 Namatio
364 3124 473 3203 etiam,
491 3144 576 3208 quae
598 3123 635 3188 L.
648 3122 778 3205 XXVII,
792 3124 844 3206 ll,
859 3125 965 3188 8-12
982 3123 1023 3190 06
1032 3122 1175 3191 Massiva
1188 3117 1268 3194 Nu?

111 3231 200 3297 mida
221 3231 396 3317 inseritur,
419 3230 507 3313 apud
527 3229 699 3316 Polybium
721 3249 785 3296 non
807 3235 931 3313 exstat;
962 3230 1017 3296 sed
1048 3235 1116 3317 jam
1149 3232 1255 3301 Livius

112 3343 241 3425 quoque
264 3338 422 3423 Scipionis
444 3358 634 3423 responsum
658 3344 781 3420 narrat,
804 3357 877 3402 cum
893 3358 912 3402 a
927 3337 1078 3406 barbaris
1097 3361 1155 3407 rex
1164 3348 1253 3409 esset

111 3447 302 3534 appellatus.
346 3447 455 3514 Livius
476 3445 605 3528 XXVII,
630 3447 681 3529 19,
706 3449 802 3512 3--8,
823 3443 989 3532 =Polyb.
1011 3445 1058 3530 X,
1084 3452 1134 3530 40,
1159 3453 1255 3518 2—5.

199 3557 352 3624 Videmus
373 3557 491 3644 igitur,
514 3557 547 3624 in
568 3578 677 3644 pugna
700 3555 838 3622 maxime
860 3554 1073 3624 describenda
1093 3560 1255 3628 narratio

110 3687 168 3734 nes
200 3667 371 3744 dissentire
381 3666 438 3750 ιθ),
468 3673 568 3751 atquo
590 3666 715 3734 Livium
739 3664 869 3750 quidem
891 3665 1046 3732 nonnulla
1079 3665 1254 3751 addidisse,

184 3975 230 4045 18)
248 3972 340 4042 Qualis
357 3974 425 4030 situs
444 3977 594 4031 castrorum
603 3974 677 4047 apud
685 3974 794 4030 Liuium
812 3992 837 4032 6.
855 3975 900 4037 18,
918 3975 990 4029 0-6
1008 3971 1185 4045 significetur,
1200 3991 1256 4031 nou

111 4081 222 4137 pronus
240 4063 393 4136 perspici03
411 4065 520 4122 videtur
533 4067 611 4136 66661
628 4066 817 4124 contabulatio
835 4064 970 4135 66660666
988 4065 1106 4120 duarum
1130 4065 1256 4136 planitie·

110 4176 172 4214 rum
191 4159 361 4229 (Terrassen)
379 4158 502 4215 iudicari.
526 4159 580 4216 Sed
598 4176 633 4215 66
649 4160 688 4216 616
706 4158 833 4230 quidem,
850 4175 920 4228 6666
938 4155 973 4212 06
990 4155 1120 4214 inieriore
1137 4149 1253 4229 planitie

109 4255 143 4308 et·
156 4249 191 4307 06
209 4253 332 4322 66611616
349 4252 390 4308 ibi
407 4253 499 4323 posito
516 4258 672 4324 narramur,
689 4259 765 4310 recte
783 4254 885 4309 babere
902 4250 1042 4308 ridentur.

184 4345 231 4414 re)
247 4341 319 4402 8666
334 4345 451 4400 miretur
468 4345 673 4417 6116616,·6660
691 4345 805 4400 Iaelim.
822 4345 858 4400 11.
875 4360 905 4415 p.
923 4347 960 4400 40
977 4344 1064 4400 dicit:
1084 4344 1181 4410 „valde
1199 4343 1254 4398 dis·

112 4440 208 4506 crepat
225 4435 285 4492 Iiv.
302 4453 321 4492 6
335 4435 460 4509 Polybio,
478 4455 643 4508 6666666666
662 4437 746 4508 ipsius
763 4451 871 4507 pugnae
889 4436 1104 4506 descriptionem
1122 4434 1159 4507 (1)
1178 4435 1255 4492 abeo

111 4527 250 4598 accepit;“
269 4527 365 4585 sedin
383 4529 435 4586 bac
452 4529 637 4602 descriptione
655 4545 737 4598 quam
756 4529 873 4582 marium
891 4525 1068 4584 dissentiunt.

925 4626 972 4690 2*
