3186 5322
825 255 864 318 18

276 445 332 490 ues
355 425 547 508 scriptores,
569 425 624 509 qui
648 424 783 492 easdem
805 445 856 492 res
878 429 1031 506 narrant,
1053 422 1208 491 nonnulla
1230 444 1422 510 congruere;

278 531 334 598 sed
368 531 431 600 hoc
463 533 525 602 nisi
555 531 717 599 nonnullis
739 532 962 600 occasionibus
985 552 1065 597 casu
1087 531 1234 616 quodam
1249 539 1313 597 non
1336 533 1423 598 iure·

275 641 401 721 nietur3
424 640 473 706 sin
496 645 604 707 autem
627 661 685 724 per
706 640 834 726 longam
858 641 999 724 capitum
1022 643 1137 707 serlem
1160 639 1296 706 eandem
1313 639 1422 705 slmili·

273 747 440 829 tudinem,
464 752 668 834 conjunctam
690 769 762 814 cum
784 747 946 814 nonnullis
972 748 1199 831 discrepantiis
1233 749 1422 828 invenimus,

274 876 339 922 nou
366 855 596 936 dubitabimus,
619 877 817 924 communem
841 855 964 924 fontem
987 857 1056 924 suis
1079 857 1128 922 rei
1151 874 1280 921 causam
1305 855 1422 935 (libere,

274 985 338 1048 quo
360 970 494 1047 uterque
516 983 574 1031 suo
596 965 692 1032 modo
714 987 792 1031 usus
814 970 873 1032 est.

362 1069 426 1139 Ros
449 1091 535 1138 anno
559 1074 622 1135 208
643 1072 678 1136 in
693 1070 854 1155 Hispania
869 1078 975 1156 gestes
987 1069 1181 1156 Polybiusin
1197 1069 1281 1136 libro
1302 1069 1332 1134 X
1347 1087 1423 1135 nar·

274 1177 481 1262 raritcujus
503 1178 700 1244 sanationis
716 1179 842 1262 integra
864 1183 994 1244 exstant
1016 1178 1126 1260 capita
1150 1180 1290 1262 30-403
1312 1175 1422 1242 Livius

274 1283 386 1350 eadem
398 1284 527 1354 inlibro
540 1283 671 1366 XXVII,
689 1288 826 1350 17-20.
871 1283 961 1362 Quae
983 1283 1070 1367 apud
1092 1282 1261 1368 Polybium
1280 1283 1421 1367 largius,

274 1391 362 1477 apud
382 1392 508 1458 bivium
528 1391 658 1460 brevius
686 1394 833 1477 exposita
853 1398 928 1460 sunt
938 1391 997 1480 16),
1020 1413 1061 1459 ea
1086 1413 1150 1458 non
1172 1391 1323 1472 afferam,
1346 1389 1424 1474 quia

273 1499 368 1570 facile
413 1499 531 1584 aliquis
562 1501 669 1569 dicere
699 1501 813 1583 possit,
837 1499 967 1568 abivio
991 1519 1062 1566 esse
1085 1501 1226 1585 omissa;
1257 1516 1362 1582 nsque
1388 1497 1422 1562 id

273 1607 838 1694 moneam,niviumxxv]1,n,7
862 1630 927 1676 non
957 1629 1107 1689 narrare,
1133 1607 1221 1693 quod
1252 1605 1423 1692 Polybium

274 1717 383 1798 X,‘38,
408 1719 444 1797 33
479 1715 660 1799 Scipionem
683 1715 725 1781 ab
747 1715 904 1799 Hispanis
927 1737 998 1782 csse
1026 1736 1135 1800 regem
1157 1711 1422 1799 appellatum¹⁷);

273 1823 331 1895 sed
354 1843 494 1908 pugnam
523 1822 611 1907 apud
644 1821 817 1888 Baeculam
839 1821 961 1888 Iactum
983 1823 1123 1890 breviter
1144 1822 1347 1906 comparabo.

363 1949 487 2018 Narrat
519 1952 620 2036 igItnr
648 1949 819 2036 Polybius,
842 1950 939 2017 duces
962 1949 1279 2035 Carthaginiensium
1310 1950 1422 2016 etiam·

274 2066 343 2126 tum
376 2059 542 2126 discordes
573 2058 683 2124 luisse.
727 2057 767 2140 X,
793 2063 843 2144 37,
868 2063 898 2123 2.
944 2057 1053 2136 Quare
1076 2057 1324 2143 Hasdrubalem,
1347 2079 1420 2123 cum

274 2189 334 2253 per
363 2189 399 2234 se
429 2189 495 2233 non
521 2169 602 2234 satis
633 2166 749 2233 virium
781 2167 1038 2234 adducendum
1067 2167 1224 2250 haberet,
1253 2165 1421 2233 consilium

275 2275 416 2360 cepisse,
447 2295 520 2340 cum
554 2276 697 2340 exercitu
725 2275 758 2339 in
787 2274 917 2340 Italiam
948 2273 1188 2360 proficiscendi,
1224 2280 1322 2359 atque
1348 2273 1421 2340 ideo

278 2382 395 2448 castris
419 2381 623 2449 communitis
635 2381 817 2465 Scipionem
828 2383 1075 2464 exspectavisse.
1118 2381 1158 2464 X,
1179 2384 1230 2463 37,
1252 2387 1283 2448 4.
1307 2379 1423 2448 Castra

277 2489 396 2556 deinde
426 2499 578 2556 accurate
611 2490 851 2556 describuntur:
871 2490 916 2569 X,
951 2494 1012 2572 38,
1048 2495 1141 2556 7-8.
1185 2475 1292 2574 Scipio
1323 2491 1423 2574 igitur

277 2619 349 2665 cum
384 2597 586 2680 advenisset,
617 2619 677 2682 per
710 2597 843 2664 biduum
875 2599 1004 2683 quietus
1038 2597 1139 2679 sedit,
1173 2595 1429 2664 munitissimum

210 2741 216 2752 ·
275 2705 381 2772 locum
408 2725 472 2772 non
494 2705 628 2790 aggredi
650 2725 760 2785 ausus,
783 2704 896 2787 donec,
918 2727 960 2772 ne
983 2704 1025 2770 ab
1046 2705 1120 2770 aliis
1143 2703 1277 2771 ducibus
1299 2704 1422 2770 Poeno·

279 2833 352 2880 rum
375 2814 676 2897 circumveniretur,
698 2813 857 2898 proelium
880 2814 1049 2880 commisit.
1078 2812 1119 2895 X,
1144 2816 1202 2895 se:
1219 2817 1337 2878 9-10.
1359 2811 1422 2877 Le-

282 2919 434 3005 gionibus
456 2921 555 3006 igitur
577 2921 663 2986 intra
684 2927 892 2988 monumenta
913 2921 1066 2994 retentis,
1098 2938 1225 2985 omnem
1247 2919 1348 2984 levem
1370 2939 1422 2984 ar·

279 3034 442 3094 maturam
465 3029 583 3111 emisit,
605 3049 688 3114 quae
710 3029 850 3096 frontem
872 3037 1062 3108 castrorum,
1085 3026 1422 3112 qnaeinexpngnabi·

278 3138 318 3202 lis
339 3137 520 3218 videbatur,
543 3137 784 3222 aggrederetur.
827 3137 867 3218 X,
892 3139 944 3218 39,
969 3138 1064 3203 1-3.
1107 3135 1145 3200 In
1167 3153 1266 3219 quam
1280 3129 1422 3220 pugnam

278 3243 397 3310 intenti
418 3263 492 3310 cum
514 3244 626 3310 hostes
654 3243 782 3328 segnius
803 3244 914 3326 copias
948 3247 1064 3308 castus
1096 3242 1287 3321 educerent,
1313 3241 1423 3326 Scipio

279 3352 321 3418 ad
343 3351 479 3433 laevam,
501 3352 631 3418 Laelius
654 3353 696 3418 ad
719 3353 867 3418 dextram
889 3351 1069 3435 legionibus
1092 3351 1317 3417 circumductis
1347 3371 1421 3417 nec·

281 3461 471 3545 opinantes,
495 3462 551 3544 qrri
573 3463 675 3528 aciem
697 3461 839 3526 nondum
862 3459 1068 3540 direxerant,
1092 3479 1112 3524 a
1133 3459 1289 3525 lateribus
1311 3478 1423 3544 aggre-

280 3569 424 3637 diuntur.
468 3567 508 3649 X·,
532 3571 585 3650 39,
611 3572 706 3634 3-6.
750 3568 802 3634 Illi
821 3574 930 3634 autem
953 3567 1113 3650 extemplo
1127 3588 1200 3634 cum
1218 3566 1422 3634 Hasdrubale

278 3680 313 3744 ln
339 3675 449 3762 fugam
470 3676 694 3759 sedederunt,
716 3681 815 3761 atque
844 3698 916 3742 cum
938 3697 997 3762 per
1019 3675 1187 3744 obstantes
1214 3676 1326 3742 velites
1358 3697 1422 3744 non

282 3803 401 3868 magno
431 3783 626 3850 detrimento
656 3785 849 3867 evasissent,
871 3783 1051 3869 Pyrenaeos
1081 3783 1253 3866 petierunt.
1308 3783 1422 3867 Itaque

279 3912 365 3975 quae
387 3889 572 3957 Hasdrubal
595 3892 658 3959 sibi
679 3897 903 3976 proposuerat,
924 3891 992 3957 fere
1015 3896 1108 3957 erant
1130 3890 1228 3956 facta.
1253 3927 1292 3938 -

353 4149 399 4219 16)
417 4148 512 4206 Idrias
529 4151 643 4224 XXVII,
663 4155 695 4209 17
714 4153 800 4211 habet
817 4153 931 4225 bergina
947 4169 1030 4223 quam
1039 4151 1100 4208 Pol.
1110 4150 1145 4216 X,
1156 4153 1208 4220 843
1226 4148 1300 4205 idem
1310 4149 1423 4217 XXVII,

285 4244 318 4298 18
336 4241 449 4313 largius,
467 4261 550 4312 quam
567 4245 599 4300 P.
616 4247 651 4316 X,-
669 4249 715 4304 39.

277 4330 551 4480 xffigllgelgbIm
578 4336 697 4392 similem
721 4353 779 4392 rem
808 4336 850 4392 bis
868 4335 962 4402 tradit,
990 4336 1025 4405 X,
1044 4337 1079 4389 38
1096 4339 1126 4389 et
1147 4337 1201 4404 403
1218 4331 1312 4389 Livius
1329 4329 1422 4388 murel.

382 4459 390 4489 1
447 4462 453 4487 t
491 4463 497 4478 ·
