3186 5322
755 415 774 472 7

189 588 292 672 magis
314 585 482 666 miremur,
516 605 588 651 oum
619 587 686 671 jam
709 583 935 650 Lachmannus
956 583 998 665 11,
1021 603 1053 667 p.
1070 585 1109 648 32
1133 580 1255 666 largius
1276 601 1334 648 ex-

190 700 361 782 posuerat,
392 695 427 762 in
447 693 509 759 hac
528 693 600 778 ipsa
622 713 732 778 pugna
757 691 919 758 Cannensi
942 690 1154 758 describenda
1167 675 1291 757 bivium
1315 713 1335 756 a

189 802 324 890 Polybio
344 801 440 886 longe
463 800 625 868 diversum
649 821 728 867 esse.

276 909 341 976 Sed
363 911 419 994 qui
441 907 582 975 Nissenii
603 914 772 976 accuratas
803 909 1011 994 quaestiones
1041 909 1081 973 da
1110 915 1227 1003 genere
1257 912 1335 976 scri·

190 1019 296 1087 bando
318 1019 451 1084 Liuiano
474 1019 661 1102 inspexerit,
685 1023 866 1103 cognoscet,
885 1025 1000 1083 'omnes
1014 1017 1088 1082 illos
1103 1019 1232 1102 saepius
1244 1018 1337 1102 quasi

190 1125 307 1194 falsam
327 1126 492 1211 quandam
516 1129 654 1212 speciem
677 1126 795 1192 sectari
818 1145 856 1190 ac
878 1145 988 1191 rerum
1014 1124 1248 1210 verborumque
1276 1123 1336 1192 fal·

192 1235 255 1304 laci
276 1233 486 1302 similitudine
509 1234 662 1319 deceptos
684 1234 770 1300 inter
791 1247 826 1300 se
847 1233 1025 1318 pugnantia
1047 1237 1105 1298 aut
1127 1254 1191 1298 non
1205 1233 1335 1317 vidisse,

192 1349 250 1410 aut
280 1340 366 1408 facili
398 1341 494 1408 modo
518 1341 706 1425 explicanda
727 1341 901 1426 putavisse.
933 1339 1144 1426 (illimem,
1167 1340 1336 1418 Quaestio·
1437 1325 1442 1334 ⁸

191 1471 249 1518 nes
278 1449 410 1517 criticae
440 1449 480 1515 de
513 1449 655 1516 fontibus
685 1449 817 1516 decadis
844 1449 889 1514 IV
912 1454 945 1514 et
968 1447 998 1514 V
1026 1447 1187 1514 bivianae.
1229 1431 1337 1517 ¹Bero-

190 1555 382 1645 lisimas).

280 1663 463 1731 densabant
491 1664 592 1746 enim,
630 1665 713 1730 Livii
743 1686 823 1748 opus
853 1685 894 1730 ex
926 1663 1034 1729 tribus
1065 1664 1157 1758 quasi
1188 1664 1338 1750 partibus

192 1773 406 1856 compositum
428 1792 513 1853 esse3
536 1795 576 1838 ex
598 1793 672 1854 una,
696 1777 746 1852 (ut
767 1771 982 1838 recentiorum
1006 1772 1113 1838 verbis
1135 1775 1224 1858 utar)
1241 1793 1338 1858 quam

192 1899 280 1946 mere
309 1879 528 1965 polybianam,
561 1903 600 1945 ex
623 1880 743 1964 altera,
784 1901 880 1963 quam
910 1901 998 1946 mere
1026 1879 1266 1962 annalistioam,
1299 1903 1339 1948 ex

192 1987 300 2068 tertia,
324 2004 421 2071 quam
443 1985 494 2052 his
516 1985 643 2052 duabus
664 1985 813 2070 partibus
845 1985 931 2050 inter
965 2007 999 2052 se
1024 1987 1202 2074 conjunctis
1221 1994 1254 2055 et
1287 2009 1339 2054 co·

193 2093 410 2179 augmentatis
431 2113 532 2180 genus
553 2093 715 2160 scribendi
738 2095 872 2158 mixtum
896 2093 1104 2179 appellabant
1116 2093 1153 2180 ἵ).
1186 2091 1262 2161 'Sed
1284 2117 1339 2180 ga-

192 2223 253 2270 nas
273 2201 356 2268 illud
376 2199 512 2270 mixtum
538 2201 667 2267 omnino
693 2199 771 2266 ferri
793 2220 857 2283 non
879 2221 974 2284 posse
1001 2203 1069 2286 jam
1089 2201 1167 2267 inde
1185 2207 1338 2286 apparet,

192 2310 279 2396 quod
308 2310 347 2376 iis
371 2313 499 2376 tantum
521 2309 600 2375 locis
622 2309 758 2374 inveniri
780 2313 903 2392 potest,
938 2309 994 2392 qui
1023 2331 1097 2374 cum
1126 2310 1267 2376 maxima
1300 2333 1339 2378 er

192 2423 286 2502 parto
313 2411 482 2502 Polybium
513 2420 660 2484 autorem
696 2416 866 2482 videantur
893 2417 1001 2501 sequi,
1040 2417 1201 2484 nonnullis
1231 2409 1339 2508 rebus,

192 2525 295 2609 iisque
316 2522 425 2607 falsis,
448 2543 488 2589 ex
509 2523 680 2590 annalibus
702 2523 880 2608 desumptis
904 2525 1007 2608 magis
1030 2523 1215 2610 depravati,
1243 2549 1339 2612 quam

194 2632 331 2700 correcti
353 2637 444 2715 sunt3
482 2632 569 2717 quod
590 2638 697 2698 autem
720 2653 882 2717 nunquam
905 2633 984 2714 loci,
1013 2633 1047 2698 in
1076 2635 1259 2702 universum
1281 2659 1339 2703 an·

193 2737 314 2804 nalium
353 2737 448 2804 modo
479 2737 672 2820 consmipti,
707 2757 746 2802 ex
776 2737 971 2820 pragmatia·
986 2735 1165 2821 Polybiane
1193 2741 1279 2806 aucti
1307 2750 1340 2807 et

191 2843 382 2932 amplificati
402 2850 488 2915 suut.
531 2845 694 2911 Videbunt
715 2844 776 2911 hoo
799 2845 941 2930 antiqui3
965 2845 1022 2911 sed
1045 2847 1247 2915 mirabantur
1268 2855 1338 2914 tan·

191 2960 278 3036 tum,
312 2952 398 3038 quod
433 2951 522 3020 Livio
546 2951 687 3020 studium
721 2953 852 3035 luisset,
890 2953 981 3019 falsis
1019 2957 1271 3024 narratiunculis
1306 2965 1338 3024 ct

192 3059 320 3128 labellis
352 3062 570 3126 narrationem
594 3059 720 3148 Polybii
742 3060 925 3126 maculandi
933 3057 970 3143 ⁸).

279 3169 463 3236 Accedebat
484 3169 525 3236 ad
549 3169 635 3235 hunc
657 3188 801 3236 errorem
830 3170 924 3235 alius.
951 3168 1050 3234 liber
1070 3168 1117 3233 Ill
1139 3169 1224 3234 enim
1246 3167 1339 3252 Poly·

192 3279 239 3346 bii
262 3284 296 3344 et
317 3277 576 3342 llllXI-XXII
597 3278 677 3344 Livii
701 3300 772 3344 cum
796 3277 857 3344 soli
878 3278 996 3362 integri
1018 3283 1125 3344 essent
1148 3278 1338 3357 conservati,

193 3385 354 3472 aptissimi
382 3385 585 3471 putabantur
615 3385 657 3452 ad
689 3385 950 3470 comparandum.
1006 3385 1052 3450 Et
1071 3391 1159 3452 recte
1192 3386 1337 3470 quidem,

187 3494 251 3562 sod
274 3494 308 3562 in
329 3513 368 3560 eo
393 3491 558 3574 errabant,
581 3492 667 3578 quod
690 3494 824 3560 eandem
847 3495 1021 3576 rationem,
1052 3515 1148 3578 quam
1171 3494 1204 3558 in
1227 3493 1277 3559 his
1298 3493 1338 3560 iis

193 3603 261 3670 bris
284 3603 383 3668 ctiam
414 3601 447 3666 in
469 3601 586 3667 ceteris
618 3601 705 3667 inter
735 3601 816 3668 duos
838 3601 911 3668 illos
942 3602 1115 3689 scriptores
1138 3602 1338 3669 intercedere

266 3765 295 3836 2)
312 3767 411 3822 Lucas.
429 3767 448 3822 l.
466 3765 487 3820 1.
504 3783 531 3836 p.
554 3769 611 3822 la:
638 3766 732 3824 bivira
750 3770 797 3822 aut
812 3783 857 3820 res
881 3783 899 3821 a
915 3765 1031 3835 Polybio
1048 3770 1174 3824 auratac
1197 3767 1245 3837 iia,
1269 3785 1339 3836 quae

193 3859 267 3933 apud
285 3859 424 3920 annalium
443 3859 592 3929 scriptores
609 3861 787 3930 legebantur,
806 3859 999 3930 amplificavit,
1024 3864 1073 3918 aut
1099 3861 1183 3916 artius
1208 3878 1255 3916 eae
1272 3879 1337 3918 con·

192 3953 284 4010 traxit.
325 3951 376 4008 cfr.
396 3951 429 4008 0.
447 3951 575 4018 Meltzer,
593 3953 629 4008 de
653 3953 744 4008 Caelio
769 3953 860 4022 Antip.
879 3970 908 4022 p.
925 3957 971 4008 45.
1014 3950 1144 4010 Similiter
1163 3953 1280 4024 judicat.
1307 3955 1337 4012 G.

192 4046 282 4100 Peter.
299 4045 319 4098 l.
337 4043 356 4100 l.
375 4061 402 4113 p.
422 4047 467 4100 73.
746 4117 748 4122 Δ

266 4137 294 4206 3)
313 4134 454 4206 belrain
472 4136 941 4207 epistolabibliothacacuniversali
954 4137 1054 4194 Gener.
1068 4140 1146 4192 1819.
1165 4137 1201 4201 11,
1219 4138 1338 4208 μῦθος.

192 4229 274 4284 insita
292 4228 463 4298 (Lachmann
471 4229 507 4295 11,
517 4230 577 4298 91):
596 4229 640 4286 En
658 4229 770 4300 general
783 4227 834 4300 j’ai
852 4230 996 4300 rumorque
1012 4230 1081 4286 daus
1098 4230 1125 4284 lc
1141 4230 1214 4300 ,petit
1221 4232 1338 4288 nombre
1447 4303 1450 4310 .

193 4323 229 4378 de
248 4321 386 4392 chapitres
404 4321 439 4378 de
458 4323 520 4378 Tite
539 4324 620 4394 Lim,
638 4341 691 4394 que
706 4320 755 4394 j’ai
773 4341 806 4378 eu
826 4323 953 4380 occasion
972 4323 1007 4377 de
1025 4339 1169 4394 comparer
1185 4338 1252 4380 avec
1269 4343 1338 4380 ceux

192 4415 360 4486 de-Polybe,
379 4429 431 4484 que
449 4419 538 4472 tontes
556 4418 597 4472 lea
616 4416 680 4482 icis,
698 4434 751 4488 qne
768 4418 795 4472 la
813 4417 932 4488 premier
949 4421 1052 4472 auteur,
1063 4434 1099 4472 an
1116 4417 1230 4487 copiunt
1252 4419 1279 4473 le
1296 4436 1336 4474 aa·

192 4507 277 4572 cond,
300 4507 433 4578 yricutcit
456 4525 492 4564 ou
515 4527 532 4578 γ
550 4509 681 4581 changeii
697 4511 814 4580 quelque
835 4511 931 4580 chose,
958 4508 978 4563 il
996 4525 1027 4564 cs
1043 4511 1153 4564 meaait
1178 4527 1212 4566 an
1229 4514 1339 4568 contra·

192 4600 295 4656 diction
312 4617 378 4656 avec
395 4601 432 4656 lui
452 4601 556 4674 meme,
574 4622 609 4660 ou
628 4603 648 4658 il
668 4620 702 4659 an
720 4602 844 4660 maluit
863 4603 981 4673 quelque
1001 4603 1150 4660 absurdit'd.
