3186 5322
807 357 849 442 11

253 525 359 637 pctuit
380 540 523 619 nurr'are.
569 549 643 616 lani
666 525 766 635 supra
795 525 954 630 ¹vidimus,
989 547 1074 616 eum'
1089 523 1220 615 domina
1237 546 1406 631 ¹gentium,

252 659 435 746 regionum,
457 657 641 743 regulorum
664 657 785 742 optime
807 657 904 739 scire,
927 649 1025 741 atque
1049 655 1190 740 quaein
1212 655 1328 721 castris
1350 675 1405 721 ro-

253 767 356 833 manis
380 771 453 832 acta
475 773 581 834 essent
613 765 695 833 bene
719 785 888 851 exponere.
918 761 998 831 'sed
1016 761 1404 860 idemlonss‘LXXVl—

253 868 344 940 XXX
366 873 494 960 saepius
517 881 748 966 commemorat
769 875 891 942 vultum
915 873 1126 958 habitumque
1149 867 1308 956 Scipionis
1339 871 1404 937 cul·

254 991 387 1069 tumque
410 985 477 1070 ejus
500 983 662 1051 describit.
709 983 799 1050 Siout
820 981 1017 1065 LXXVIII,
1036 984 1153 1063 26,14.
1177 980 1288 1063 ,,Ν1111
1303 999 1405 1065 aeque

255 1113 309 1160 eos
330 1094 467 1176 terruit,
498 1115 597 1179 quam
617 1099 749 1178 praeter
771 1113 861 1176 spem
896 1090 996 1160 robur
1021 1095 1055 1158 et
1083 1091 1169 1158 colos
1191 1090 1406 1175 imperatoris,

255 1223 350 1288 quem
372 1200 532 1270 adlectum
554 1203 679 1270 visuros
704 1201 926 1285 crediderant,
948 1202 1136 1286 vultusque,
1160 1203 1288 1286 qualem
1309 1223 1351 1267 ne
1371 1199 1407 1266 in

257 1311 326 1377 acle
350 1311 479 1398 quidem
507 1312 639 1399 ajebant
666 1311 881 1378 meminisse.“
925 1309 1049 1376 Eadem
1072 1309 1183 1396 Polyb.
1212 1309 1274 1391 XI,
1299 1313 1350 1392 27,
1375 1311 1405 1373 8.

255 1421 339 1506 ,JEm
361 1420 423 1506 γὰρ
446 1418 731 1505 ὑπολαμβάνοντες
751 1419 851 1484 celeria
872 1418 1024 1495 ἀσθενῶς
1036 1419 1120 1501 ἔχειν
1133 1416 1165 1484 ds
1186 1417 1316 1503 πολλοί,
1336 1419 1398 1482 κᾶ-

256 1551 349 1595 πειτα
372 1531 465 1617 παρὰ
495 1531 552 1617 τήν
566 1557 568 1564 ·
583 1531 780 1615 προςδοκίαν
811 1529 985 1615 αἰφνιδίως
1019 1528 1205 1617 ἕρῥώμενον
1241 1529 1407 1612 θεασάμε-

255 1661 317 1722 νοι,
341 1639 422 1704 κατὰ
454 1639 511 1726 τὴν
538 1639 697 1724 ἓπίφασιν
725 1639 1006 1724 κατεπλάγησαν,“
1048 1638 1158 1704 Etiam
1188 1639 1221 1704 in
1249 1638 1406 1723 colloquio

256 1767 328 1813 cum
352 1747 558 1814 Massinissa:
579 1747 616 1814 L.
631 1747 778 1830 XXVIII,
795 1752 845 1830 35,
861 1752 888 1814 6.
914 1748 1072 1830 „Praeter
1083 1769 1182 1832 quam
1193 1747 1279 1832 quod
1291 1753 1406 1831 suapte

259 1864 377 1924 natura
408 1857 511 1924 multa
534 1861 686 1944 majestas
709 1859 826 1940 inerat,
849 1857 1033 1924 adornabat
1054 1857 1216 1943 promissa
1238 1858 1407 1939 caesaries,

257 1967 452 2051 habitusque
475 1968 630 2051 corporis,
654 1987 718 2032 non
741 1966 845 2032 cultus
867 1966 1044 2048 munditiis,
1067 1966 1125 2032 sed
1147 1965 1249 2032 virilis
1271 1986 1347 2032 vers
1367 1985 1405 2032 ac

258 2075 474 2158 militaris,·et
496 2083 588 2142 aetas
611 2077 646 2142 in
668 2076 775 2144 medio
797 2076 912 2142 virium
939 2075 1072 2158 robore,
1102 2074 1187 2161 quod
1210 2075 1336 2158 plenius
1358 2075 1409 2141 ni·

257 2182 422 2272 tidlusque
445 2207 485 2252 ex
506 2186 620 2253 morbo
647 2183 735 2254 velut
763 2191 937 2252 renovatus
964 2185 1026 2252 llos
1051 2188 1204 2272 juventae
1233 2181 1407 2251 faciebat.“

258 2291 315 2362 cfr.
337 2293 405 2361 Lir.
427 2293 573 2377 XXVIII,
600 2297 649 2378 18,
676 2302 705 2361 7.
749 2295 859 2381 Polyb.
882 2295 938 2390 XI,
963 2299 1036 2376 241,
1048 2299 1078 2360 4.
1113 2293 1202 2361 Haec
1216 2295 1408 2379 ipsaautem

256 2405 416 2489 promissa
446 2407 607 2471 caesaries
630 2405 799 2490 cultusque
822 2405 967 2490 corporis
991 2406 1087 2472 nimis
1104 2422 1239 2490 graecus
1265 2403 1409 2491 Scipioni

259 2513 433 2598 opprobrio
457 2519 516 2580 est.
562 2513 619 2580 cfr.
642 2513 678 2578 L.
700 2511 816 2596 XXIX,
844 2519 894 2597 19,
920 2519 970 2579 11.
1046 2541 1049 2548 ’
1086 2543 1088 2550 ·

345 2619 472 2689 Deinde
494 2639 571 2689 vero
593 2623 759 2706 nonnulla,
782 2635 993 2709 quae‘neque
1016 2623 1058 2690 ad
1080 2623 1169 2709 ipsas
1188 2619 1409 2708 resgerendas

265 2731 446 2818 pertinent,
480 2751 585 2816 neque
613 2731 763 2800 inlibris
795 2734 1043 2818 magistratuum
1071 2739 1117 2824 et
1135 2733 1168 2824 in
1198 2732 1411 2800 relationibus

259 2838 302 2906 ad
326 2846 474 2907 senatum
504 2829 688 2927 perscripta
720 2847 830 2924 crant,
865 2847 1017 2908 accurate
1050 2839 1197 2927 exposita
1223 2842 1410 2908 invenimus.

260 2943 437 3029 Sic'ratio,
461 2947 497 3014 L.
508 2947 622 3031 XXVI,
645 2953 705 3031 48,
729 2969 793 3035 qua
807 2949 913 3035 Scipio
927 2949 1338 3042 etLuelinsdiscessionem
1350 2949 1410 3048 mi·

260 3057 353 3123 litum
386 3057 521 3141 tollunt,
555 3059 643 3125 ultra
675 3057 755 3126 fines
786 3061 972 3128 ‘castrorum
1004 3061 1074 3128 vix*
1089 3063 1220 3145 poterat
1248 3056 1410 3146 progredi,

261 3165 325 3232 nisi
346 3172 479 3233 narrata
502 3165 544 3233 ab
566 3165 694 3252 aliquo,
717 3169 773 3253 qui
795 3169 892 3235 rebus
915 3168 1117 3236 luterlberab
1158 3167 1249 3235 idem
1271 3169 1412 3255 quadrat

260 3274 291 3341 in
316 3297 366 3358 ea,
380 3297 462 3367 quae
475 3275 510 3341 L.
525 3273 640 3359 XXVI,
655 3280 693 3342 51
705 3277 744 3343 de
758 3278 944 3345 exercendis
954 3276 1113 3345 militibus
1125 3275 1286 3364 legimus:
1306 3277 1410 3363 primo

262 3385 315 3450 die
344 3385 378 3450 in
413 3386 514 3452 armis
547 3387 691 3471 legiones
713 3385 757 3453 IV
779 3385 901 3454 milium
925 3389 1031 3473 spatio
1055 3387 1251 3471 decurrisse;
1274 3385 1307 3455 c't
1329 3406 1410 3473 quae

263 3494 421 3577 secundo,
455 3495 563 3577 tertio,
594 3502 728 3581 quarto,
761 3497 874 3581 quinto
905 3497 956 3563 die
986 3503 1078 3582 gesta
1100 3497 1175 3564 sint.
1221 3497 1280 3564 cfr.¹
1298 3495 1409 3583 Polyb.

262 3601 301 3682 X,
327 3607 380 3684 20,
407 3607 500 3668 1-3.
545 3603 635 3669 Idem
668 3603 838 3670 dicendum
862 3606 925 3671 erit
957 3605 998 3672 de
1020 3607 1078 3688 iis,
1113 3627 1195 3692 quae
1220 3605 1257 3672 L.
1280 3605 1409 3688 XXVII,

265 3715 314 3792 19,
338 3715 422 3776 4-6
447 3711 487 3776 de
510 3712 885 3797 contemptoaScipione
894 3715 982 3799 regio
993 3717 1123 3782 nomine
1136 3715 1348 3794 etnxxvn,
1358 3720 1409 3797 20,

265 3824 280 3882 1
306 3819 345 3885 de
368 3821 444 3886 belli
467 3822 601 3889 consilio
631 3823 829 3908 diversisque
860 3824 976 3890 ducum
1006 3827 1193 3906 sententils,
1223 3825 1409 3891 afferuntur.

265 3927 412 4010 XXVIII,
437 3931 476 3994 21
500 3950 616 3997 munus
638 3929 868 4015 gladiatorium
899 3939 932 3999 et
953 3934 1091 3999 maxime
1104 3934 1231 4018 quidem
1250 3938 1412 4000 certamen

265 4037 378 4103 Corbis
403 4044 437 4104 11
461 4038 586 4105 Orsuae
607 4039 650 4105 ad
675 4061 832 4106 summam
854 4041 932 4109 belli
955 4058 1018 4107 non
1030 4044 1209 4126 pertinent,
1233 4041 1290 4108 sed
1306 4047 1411 4110 c--lo

272 4146 507 4214 dilucidissime
531 4149 773 4232 describuntur,
804 4158 841 4216 ut
863 4151 904 4216 ab
928 4151 1055 4216 homine
1085 4150 1139 4235 q'ui
1172 4153 1207 4217 in
1234 4149 1297 4220 illis
1327 4149 1412 4222 ludis

266 4261 436 4338 spectator
452 4257 561 4323 luerit.
606 4258 698 4324 ldem
722 4258 863 4342 quadrat
885 4258 965 4324 inL.
979 4255 1124 4342 XXVIII,
1141 4258 1411 4354 254111111-

264 4365 343 4430 ditio
366 4372 541 4432 austrorum
576 4367 825 4434 Sucronensium
850 4369 1089 4436 accuratissime
1111 4369 1314 4453 describitur,
1329 4369 1412 4436 iam-

264 4493 361 4558 quam
383 4476 426 4543 ab
450 4475 591 4561 homine,
616 4481 670 4563 qui
692 4479 725 4546 ln
747 4480 827 4566 ipsis
850 4480 965 4548 castris
988 4486 1134 4550 versatus
1158 4480 1209 4548 111.
1325 4499 1327 4505 ·
