<?xml version="1.0" encoding="UTF-8"?>
<!DOCTYPE html PUBLIC "-//W3C//DTD XHTML 1.0 Transitional//EN"
    "http://www.w3.org/TR/xhtml1/DTD/xhtml1-transitional.dtd">
<html xmlns="http://www.w3.org/1999/xhtml" xml:lang="en" lang="en">
 <head>
  <title>
</title>
<meta http-equiv="Content-Type" content="text/html;charset=utf-8" />
  <meta name='ocr-system' content='tesseract 3.04.00' />
  <meta name='ocr-capabilities' content='ocr_page ocr_carea ocr_par ocr_line ocrx_word'/>
</head>
<body>
  <div class='ocr_page' id='page_1' title='image "./liviusetpolybiu00friegoog_0074.png"; bbox 0 0 3186 5322; ppageno 0'>
   <div class='ocr_carea' id='block_1_1' title="bbox 654 379 710 460">
    <p class='ocr_par' dir='ltr' id='par_1_1' title="bbox 654 379 710 460">
     <span class='ocr_line' id='line_1_1' title="bbox 654 379 710 460; baseline 0 -70"><span class='ocrx_word' id='word_1_1' title='bbox 654 379 710 460; x_wconf 57' lang='lat'>6,</span> 
     </span>
    </p>
   </div>
   <div class='ocr_carea' id='block_1_2' title="bbox 94 541 1263 1200">
    <p class='ocr_par' dir='ltr' id='par_1_2' title="bbox 94 541 1263 1200">
     <span class='ocr_line' id='line_1_2' title="bbox 94 541 1263 654; baseline -0.005 -20"><span class='ocrx_word' id='word_1_2' title='bbox 94 568 158 635; x_wconf 86' lang='lat' dir='ltr'>sed</span> <span class='ocrx_word' id='word_1_3' title='bbox 180 588 220 635; x_wconf 90' lang='lat' dir='ltr'>ne</span> <span class='ocrx_word' id='word_1_4' title='bbox 242 567 312 654; x_wconf 83' lang='lat' dir='ltr'>ipse</span> <span class='ocrx_word' id='word_1_5' title='bbox 333 549 473 654; x_wconf 80' lang='lat' dir='ltr'>quidem</span> <span class='ocrx_word' id='word_1_6' title='bbox 495 549 603 653; x_wconf 82' lang='lat' dir='ltr'><strong>Scipio</strong></span> <span class='ocrx_word' id='word_1_7' title='bbox 627 587 680 634; x_wconf 88' lang='lat' dir='ltr'>res</span> <span class='ocrx_word' id='word_1_8' title='bbox 703 585 723 635; x_wconf 88' lang='lat' dir='ltr'>a</span> <span class='ocrx_word' id='word_1_9' title='bbox 745 589 780 635; x_wconf 89' lang='lat' dir='ltr'>se</span> <span class='ocrx_word' id='word_1_10' title='bbox 804 587 859 652; x_wconf 81' lang='lat' dir='ltr'>ges</span> <span class='ocrx_word' id='word_1_11' title='bbox 860 570 921 648; x_wconf 90' lang='lat' dir='ltr'>tas,</span> <span class='ocrx_word' id='word_1_12' title='bbox 954 543 1149 650; x_wconf 77' lang='lat' dir='ltr'>quamquam</span> <span class='ocrx_word' id='word_1_13' title='bbox 1169 541 1263 628; x_wconf 87' lang='lat' dir='ltr'>bre</span> 
     </span>
     <span class='ocr_line' id='line_1_3' title="bbox 98 667 1252 762; baseline -0.009 -19"><span class='ocrx_word' id='word_1_14' title='bbox 98 677 196 758; x_wconf 89' lang='lat' dir='ltr'>viter,</span> <span class='ocrx_word' id='word_1_15' title='bbox 221 692 382 760; x_wconf 81' lang='lat' dir='ltr'>exponere</span> <span class='ocrx_word' id='word_1_16' title='bbox 404 677 590 762; x_wconf 85' lang='lat' dir='ltr'>indignatus</span> <span class='ocrx_word' id='word_1_17' title='bbox 614 681 679 744; x_wconf 87' lang='lat' dir='ltr'>est:</span> <span class='ocrx_word' id='word_1_18' title='bbox 648 677 758 745; x_wconf 77' lang='lat' dir='ltr'>tcnf</span> <span class='ocrx_word' id='word_1_19' title='bbox 780 674 891 761; x_wconf 83' lang='lat' dir='ltr'><strong>Polyb.</strong></span> <span class='ocrx_word' id='word_1_20' title='bbox 914 672 954 756; x_wconf 90' lang='lat' dir='ltr'>X,</span> <span class='ocrx_word' id='word_1_21' title='bbox 979 675 1010 755; x_wconf 90' lang='grc'>9,</span> <span class='ocrx_word' id='word_1_22' title='bbox 1035 675 1063 736; x_wconf 85' lang='grc'>3.</span> <span class='ocrx_word' id='word_1_23' title='bbox 1099 669 1189 735; x_wconf 86' lang='lat' dir='ltr'>Idem</span> <span class='ocrx_word' id='word_1_24' title='bbox 1212 667 1252 734; x_wconf 89' lang='lat' dir='ltr'>de</span> 
     </span>
     <span class='ocr_line' id='line_1_4' title="bbox 98 777 1249 876; baseline -0.009 -24"><span class='ocrx_word' id='word_1_25' title='bbox 98 785 248 870; x_wconf 82' lang='lat' dir='ltr'>Scipione</span> <span class='ocrx_word' id='word_1_26' title='bbox 270 785 389 854; x_wconf 82' lang='lat' dir='ltr'><strong>Nasica</strong></span> <span class='ocrx_word' id='word_1_27' title='bbox 406 786 603 854; x_wconf 84' lang='lat' dir='ltr'>Plutarchus</span> <span class='ocrx_word' id='word_1_28' title='bbox 637 784 810 876; x_wconf 78' lang='lat' dir='ltr'>(Aemilius</span> <span class='ocrx_word' id='word_1_29' title='bbox 833 781 963 849; x_wconf 84' lang='lat' dir='ltr'><strong>Paullus</strong></span> <span class='ocrx_word' id='word_1_30' title='bbox 986 780 1100 863; x_wconf 86' lang='lat' dir='ltr'>XV,4</span> <span class='ocrx_word' id='word_1_31' title='bbox 1080 778 1115 867; x_wconf 93' lang='grc'>4)</span> <span class='ocrx_word' id='word_1_32' title='bbox 1146 777 1249 844; x_wconf 84' lang='lat' dir='ltr'>affert.</span> 
     </span>
     <span class='ocr_line' id='line_1_5' title="bbox 98 891 1250 995; baseline -0.01 -33"><span class='ocrx_word' id='word_1_33' title='bbox 98 894 237 962; x_wconf 76' lang='lat' dir='ltr'>Accedit</span> <span class='ocrx_word' id='word_1_34' title='bbox 222 893 385 983; x_wconf 83' lang='lat' dir='ltr'>t.(Polyb</span> <span class='ocrx_word' id='word_1_35' title='bbox 406 894 474 978; x_wconf 88' lang='lat' dir='ltr'>XL,</span> <span class='ocrx_word' id='word_1_36' title='bbox 499 898 533 986; x_wconf 84' lang='lat'>6)</span> <span class='ocrx_word' id='word_1_37' title='bbox 558 895 660 995; x_wconf 87' lang='lat' dir='ltr'>Aulus</span> <span class='ocrx_word' id='word_1_38' title='bbox 682 894 869 962; x_wconf 86' lang='lat' dir='ltr'>Postumius</span> <span class='ocrx_word' id='word_1_39' title='bbox 893 891 957 974; x_wconf 91' lang='lat' dir='ltr'>ille,</span> <span class='ocrx_word' id='word_1_40' title='bbox 981 909 1175 976; x_wconf 88' lang='lat' dir='ltr'>quamquam</span> <span class='ocrx_word' id='word_1_41' title='bbox 1187 907 1250 952; x_wconf 91' lang='lat' dir='ltr'>non</span> 
     </span>
     <span class='ocr_line' id='line_1_6' title="bbox 99 986 1252 1102; baseline -0.007 -32"><span class='ocrx_word' id='word_1_42' title='bbox 99 1027 178 1071; x_wconf 88' lang='lat' dir='ltr'>sans</span> <span class='ocrx_word' id='word_1_43' title='bbox 201 1003 298 1102; x_wconf 85' lang='lat' dir='ltr'>laude</span> <span class='ocrx_word' id='word_1_44' title='bbox 314 1003 440 1090; x_wconf 87' lang='lat' dir='ltr'>dignus,</span> <span class='ocrx_word' id='word_1_45' title='bbox 450 1005 581 1076; x_wconf 87' lang='grc'>4144-</span> <span class='ocrx_word' id='word_1_46' title='bbox 580 986 770 1071; x_wconf 83' lang='lat' dir='ltr'>Habemus</span> <span class='ocrx_word' id='word_1_47' title='bbox 785 1004 884 1088; x_wconf 83' lang='lat' dir='ltr'>igitur</span> <span class='ocrx_word' id='word_1_48' title='bbox 898 1001 979 1068; x_wconf 86' lang='lat' dir='ltr'>satis</span> <span class='ocrx_word' id='word_1_49' title='bbox 993 997 1252 1083; x_wconf 82' lang='lat' dir='ltr'>amplumnume·</span> 
     </span>
     <span class='ocr_line' id='line_1_7' title="bbox 102 1098 1253 1200; baseline -0.006 -21"><span class='ocrx_word' id='word_1_50' title='bbox 102 1135 175 1180; x_wconf 90' lang='lat' dir='ltr'>rum</span> <span class='ocrx_word' id='word_1_51' title='bbox 198 1135 319 1198; x_wconf 87' lang='lat' dir='ltr'>eorum,</span> <span class='ocrx_word' id='word_1_52' title='bbox 344 1114 399 1199; x_wconf 91' lang='lat' dir='ltr'>qui</span> <span class='ocrx_word' id='word_1_53' title='bbox 421 1119 478 1182; x_wconf 84' lang='lat' dir='ltr'>aut</span> <span class='ocrx_word' id='word_1_54' title='bbox 499 1119 556 1181; x_wconf 84' lang='lat' dir='ltr'>ant</span> <span class='ocrx_word' id='word_1_55' title='bbox 559 1135 576 1180; x_wconf 92' lang='grc'>4</span> <span class='ocrx_word' id='word_1_56' title='bbox 597 1098 764 1200; x_wconf 87' lang='lat' dir='ltr'>Polybium</span> <span class='ocrx_word' id='word_1_57' title='bbox 791 1113 868 1178; x_wconf 84' lang='grc'>444</span> <span class='ocrx_word' id='word_1_58' title='bbox 876 1114 944 1198; x_wconf 77' lang='lat' dir='ltr'>ejus</span> <span class='ocrx_word' id='word_1_59' title='bbox 966 1107 1168 1194; x_wconf 73' lang='grc'>4444444444</span> <span class='ocrx_word' id='word_1_60' title='bbox 1190 1125 1253 1192; x_wconf 85' lang='lat' dir='ltr'>ree,</span> 
     </span>
    </p>
   </div>
   <div class='ocr_carea' id='block_1_3' title="bbox 99 1197 1325 4688">
    <p class='ocr_par' dir='ltr' id='par_1_3' title="bbox 103 1197 1252 1525">
     <span class='ocr_line' id='line_1_8' title="bbox 104 1197 1252 1316; baseline -0.007 -28"><span class='ocrx_word' id='word_1_61' title='bbox 104 1222 225 1307; x_wconf 88' lang='lat' dir='ltr'>quibus</span> <span class='ocrx_word' id='word_1_62' title='bbox 245 1222 469 1306; x_wconf 87' lang='lat' dir='ltr'>interfuerunt,</span> <span class='ocrx_word' id='word_1_63' title='bbox 446 1223 666 1290; x_wconf 83' lang='lat' dir='ltr'>tinemoriae</span> <span class='ocrx_word' id='word_1_64' title='bbox 687 1201 911 1309; x_wconf 89' lang='lat' dir='ltr'>prodiderunt,</span> <span class='ocrx_word' id='word_1_65' title='bbox 926 1221 1049 1316; x_wconf 81' lang='lat' dir='ltr'>neque</span> <span class='ocrx_word' id='word_1_66' title='bbox 1071 1197 1252 1282; x_wconf 82' lang='lat' dir='ltr'>mirandum</span> 
     </span>
     <span class='ocr_line' id='line_1_9' title="bbox 103 1321 1245 1443; baseline -0.009 -45"><span class='ocrx_word' id='word_1_67' title='bbox 103 1331 174 1414; x_wconf 87' lang='lat' dir='ltr'>erit,</span> <span class='ocrx_word' id='word_1_68' title='bbox 199 1331 226 1398; x_wconf 91' lang='lat' dir='ltr'>si</span> <span class='ocrx_word' id='word_1_69' title='bbox 245 1335 343 1430; x_wconf 88' lang='lat' dir='ltr'>&#39;praet</span> <span class='ocrx_word' id='word_1_70' title='bbox 345 1353 381 1398; x_wconf 87' lang='lat' dir='ltr'>er</span> <span class='ocrx_word' id='word_1_71' title='bbox 402 1333 471 1414; x_wconf 89' lang='grc'>444,</span> <span class='ocrx_word' id='word_1_72' title='bbox 495 1335 576 1417; x_wconf 88' lang='lat' dir='ltr'>quoe</span> <span class='ocrx_word' id='word_1_73' title='bbox 600 1331 707 1416; x_wconf 85' lang='lat' dir='ltr'>cognit</span> <span class='ocrx_word' id='word_1_74' title='bbox 709 1351 743 1397; x_wconf 88' lang='lat' dir='ltr'>os</span> <span class='ocrx_word' id='word_1_75' title='bbox 693 1328 948 1411; x_wconf 87' lang='grc' dir='ltr'>44444444,Ι</span> <span class='ocrx_word' id='word_1_76' title='bbox 958 1321 1063 1394; x_wconf 88' lang='grc'>41444</span> <span class='ocrx_word' id='word_1_77' title='bbox 1075 1325 1175 1443; x_wconf 83' lang='lat' dir='ltr'>fuisse</span> <span class='ocrx_word' id='word_1_78' title='bbox 1198 1321 1245 1388; x_wconf 89' lang='lat' dir='ltr'>di·</span> 
     </span>
     <span class='ocr_line' id='line_1_10' title="bbox 105 1435 1231 1538; baseline -0.003 -33"><span class='ocrx_word' id='word_1_79' title='bbox 105 1439 217 1522; x_wconf 87' lang='lat' dir='ltr'>cimus,</span> <span class='ocrx_word' id='word_1_80' title='bbox 241 1445 376 1538; x_wconf 85' lang='lat' dir='ltr'>quorum</span> <span class='ocrx_word' id='word_1_81' title='bbox 399 1460 441 1506; x_wconf 91' lang='lat' dir='ltr'>ne</span> <span class='ocrx_word' id='word_1_82' title='bbox 462 1452 578 1506; x_wconf 89' lang='lat' dir='ltr'>nomen</span> <span class='ocrx_word' id='word_1_83' title='bbox 602 1439 731 1525; x_wconf 89' lang='lat' dir='ltr'>quidem</span> <span class='ocrx_word' id='word_1_84' title='bbox 754 1435 871 1504; x_wconf 83' lang='lat' dir='ltr'>exstat.</span> <span class='ocrx_word' id='word_1_85' title='bbox 954 1439 957 1449; x_wconf 94' lang='lat'>&#39;</span> <span class='ocrx_word' id='word_1_86' title='bbox 1057 1437 1062 1454; x_wconf 87' lang='lat'><em>&#39;</em></span> <span class='ocrx_word' id='word_1_87' title='bbox 1165 1447 1169 1454; x_wconf 83' lang='grc'><strong><em>’</em></strong></span> <span class='ocrx_word' id='word_1_88' title='bbox 1196 1443 1199 1453; x_wconf 86' lang='grc'><strong>’</strong></span> <span class='ocrx_word' id='word_1_89' title='bbox 1229 1440 1231 1449; x_wconf 78' lang='grc'>’</span> 
     </span>
    </p>

    <p class='ocr_par' dir='ltr' id='par_1_4' title="bbox 103 1527 1259 1854">
     <span class='ocr_line' id='line_1_11' title="bbox 191 1527 1253 1632; baseline -0.007 -17"><span class='ocrx_word' id='word_1_90' title='bbox 191 1547 254 1615; x_wconf 88' lang='lat' dir='ltr'>S&#39;ed</span> <span class='ocrx_word' id='word_1_91' title='bbox 277 1549 435 1616; x_wconf 88' lang='lat' dir='ltr'>&#39;accedunt</span> <span class='ocrx_word' id='word_1_92' title='bbox 469 1548 544 1616; x_wconf 90' lang='lat' dir='ltr'>alia</span> <span class='ocrx_word' id='word_1_93' title='bbox 594 1548 785 1615; x_wconf 84' lang='lat' dir='ltr'>Videran&#39;rus</span> <span class='ocrx_word' id='word_1_94' title='bbox 820 1565 936 1632; x_wconf 87' lang='lat' dir='ltr'>supra,</span> <span class='ocrx_word' id='word_1_95' title='bbox 969 1527 1103 1612; x_wconf 81' lang='grc'>444444</span> <span class='ocrx_word' id='word_1_96' title='bbox 1114 1542 1154 1608; x_wconf 89' lang='grc'>44</span> <span class='ocrx_word' id='word_1_97' title='bbox 1188 1560 1253 1628; x_wconf 91' lang='lat' dir='ltr'>quo</span> 
     </span>
     <span class='ocr_line' id='line_1_12' title="bbox 105 1633 1259 1744; baseline -0.007 -20"><span class='ocrx_word' id='word_1_98' title='bbox 105 1658 457 1744; x_wconf 84' lang='lat' dir='ltr'>agimus,1ncrperea</span> <span class='ocrx_word' id='word_1_99' title='bbox 478 1657 643 1742; x_wconf 80' lang='lat' dir='ltr'>Scipionis</span> <span class='ocrx_word' id='word_1_100' title='bbox 666 1637 901 1741; x_wconf 70' lang='lat' dir='ltr'>expeditione</span> <span class='ocrx_word' id='word_1_101' title='bbox 892 1677 926 1720; x_wconf 88' lang='grc'>4</span> <span class='ocrx_word' id='word_1_102' title='bbox 948 1633 1155 1740; x_wconf 76' lang='lat' dir='ltr'>Hispaniam</span> <span class='ocrx_word' id='word_1_103' title='bbox 1162 1657 1195 1718; x_wconf 75' lang='lat' dir='ltr'>et</span> <span class='ocrx_word' id='word_1_104' title='bbox 1214 1651 1259 1716; x_wconf 81' lang='lat' dir='ltr'>fi&#39;</span> 
     </span>
     <span class='ocr_line' id='line_1_13' title="bbox 103 1763 1253 1854; baseline -0.008 -19"><span class='ocrx_word' id='word_1_105' title='bbox 103 1768 165 1835; x_wconf 91' lang='lat' dir='ltr'>uiri</span> <span class='ocrx_word' id='word_1_106' title='bbox 199 1766 341 1854; x_wconf 87' lang='lat' dir='ltr'>ejusdem</span> <span class='ocrx_word' id='word_1_107' title='bbox 377 1766 580 1852; x_wconf 87' lang='lat' dir='ltr'>expeditione</span> <span class='ocrx_word' id='word_1_108' title='bbox 613 1767 645 1832; x_wconf 94' lang='lat' dir='ltr'>in</span> <span class='ocrx_word' id='word_1_109' title='bbox 668 1765 809 1833; x_wconf 82' lang='lat' dir='ltr'>Africam</span> <span class='ocrx_word' id='word_1_110' title='bbox 842 1768 987 1831; x_wconf 88' lang='lat' dir='ltr'>narrata.</span> <span class='ocrx_word' id='word_1_111' title='bbox 1042 1763 1157 1847; x_wconf 89' lang='lat' dir='ltr'>Itaque</span> <span class='ocrx_word' id='word_1_112' title='bbox 1188 1781 1253 1828; x_wconf 93' lang='lat' dir='ltr'>non</span> 
     </span>
    </p>

    <p class='ocr_par' dir='ltr' id='par_1_5' title="bbox 100 1869 1325 4028">
     <span class='ocr_line' id='line_1_14' title="bbox 103 1869 1252 1962; baseline -0.006 -19.682"><span class='ocrx_word' id='word_1_113' title='bbox 103 1881 207 1943; x_wconf 88' lang='lat' dir='ltr'>totum</span> <span class='ocrx_word' id='word_1_114' title='bbox 231 1875 353 1944; x_wconf 89' lang='lat' dir='ltr'>bellum</span> <span class='ocrx_word' id='word_1_115' title='bbox 376 1897 481 1962; x_wconf 91' lang='lat' dir='ltr'>neque</span> <span class='ocrx_word' id='word_1_116' title='bbox 504 1898 558 1942; x_wconf 88' lang='lat' dir='ltr'>res</span> <span class='ocrx_word' id='word_1_117' title='bbox 580 1876 614 1942; x_wconf 89' lang='grc'>44</span> <span class='ocrx_word' id='word_1_118' title='bbox 637 1875 732 1942; x_wconf 88' lang='lat' dir='ltr'>Italia</span> <span class='ocrx_word' id='word_1_119' title='bbox 754 1879 826 1960; x_wconf 83' lang='lat' dir='ltr'>gest</span> <span class='ocrx_word' id='word_1_120' title='bbox 828 1895 885 1956; x_wconf 90' lang='grc'>44,</span> <span class='ocrx_word' id='word_1_121' title='bbox 916 1871 1083 1959; x_wconf 85' lang='lat' dir='ltr'>amplexus</span> <span class='ocrx_word' id='word_1_122' title='bbox 1105 1876 1172 1953; x_wconf 88' lang='grc'>444,</span> <span class='ocrx_word' id='word_1_123' title='bbox 1195 1869 1252 1937; x_wconf 87' lang='grc'>444</span> 
     </span>
     <span class='ocr_line' id='line_1_15' title="bbox 103 1982 1251 2072; baseline -0.006 -18"><span class='ocrx_word' id='word_1_124' title='bbox 103 1991 178 2071; x_wconf 88' lang='lat' dir='ltr'>part</span> <span class='ocrx_word' id='word_1_125' title='bbox 179 2007 228 2052; x_wconf 91' lang='lat' dir='ltr'>em</span> <span class='ocrx_word' id='word_1_126' title='bbox 251 1985 393 2072; x_wconf 81' lang='lat' dir='ltr'>aliquam</span> <span class='ocrx_word' id='word_1_127' title='bbox 416 1985 512 2068; x_wconf 87' lang='lat' dir='ltr'>belli,</span> <span class='ocrx_word' id='word_1_128' title='bbox 535 2006 619 2072; x_wconf 87' lang='lat' dir='ltr'>quae</span> <span class='ocrx_word' id='word_1_129' title='bbox 649 1985 691 2052; x_wconf 91' lang='lat' dir='ltr'>ad</span> <span class='ocrx_word' id='word_1_130' title='bbox 722 1984 903 2071; x_wconf 85' lang='lat' dir='ltr'>Scipionem</span> <span class='ocrx_word' id='word_1_131' title='bbox 925 1982 1153 2050; x_wconf 89' lang='lat' dir='ltr'>Africanum</span> <span class='ocrx_word' id='word_1_132' title='bbox 1144 2002 1251 2067; x_wconf 91' lang='lat' dir='ltr'>1psum</span> 
     </span>
     <span class='ocr_line' id='line_1_16' title="bbox 103 2088 1251 2180; baseline -0.003 -22"><span class='ocrx_word' id='word_1_133' title='bbox 103 2094 254 2180; x_wconf 87' lang='lat' dir='ltr'>pertinet.</span> <span class='ocrx_word' id='word_1_134' title='bbox 300 2091 393 2172; x_wconf 86' lang='lat' dir='ltr'>Quod</span> <span class='ocrx_word' id='word_1_135' title='bbox 417 2094 539 2180; x_wconf 88' lang='lat' dir='ltr'>optime</span> <span class='ocrx_word' id='word_1_136' title='bbox 569 2095 720 2179; x_wconf 82' lang='lat' dir='ltr'>congruit</span> <span class='ocrx_word' id='word_1_137' title='bbox 752 2115 822 2160; x_wconf 89' lang='lat' dir='ltr'>cum</span> <span class='ocrx_word' id='word_1_138' title='bbox 845 2093 908 2174; x_wconf 91' lang='lat' dir='ltr'>iis,</span> <span class='ocrx_word' id='word_1_139' title='bbox 943 2088 1094 2176; x_wconf 85' lang='lat' dir='ltr'>quaeda</span> <span class='ocrx_word' id='word_1_140' title='bbox 1123 2088 1251 2175; x_wconf 90' lang='lat' dir='ltr'>Polybii</span> 
     </span>
     <span class='ocr_line' id='line_1_17' title="bbox 102 2199 1248 2287; baseline -0.004 -18"><span class='ocrx_word' id='word_1_141' title='bbox 102 2201 250 2270; x_wconf 83' lang='lat' dir='ltr'>fontibus.</span> <span class='ocrx_word' id='word_1_142' title='bbox 279 2202 409 2287; x_wconf 79' lang='lat' dir='ltr'>cognita</span> <span class='ocrx_word' id='word_1_143' title='bbox 445 2202 612 2270; x_wconf 86' lang='lat' dir='ltr'>habemus.</span> <span class='ocrx_word' id='word_1_144' title='bbox 666 2201 769 2287; x_wconf 88' lang='lat' dir='ltr'>Saepe</span> <span class='ocrx_word' id='word_1_145' title='bbox 800 2202 884 2267; x_wconf 91' lang='lat' dir='ltr'>enim</span> <span class='ocrx_word' id='word_1_146' title='bbox 914 2199 1067 2286; x_wconf 87' lang='lat' dir='ltr'>Polybius</span> <span class='ocrx_word' id='word_1_147' title='bbox 1101 2200 1248 2284; x_wconf 89' lang='lat' dir='ltr'>queritur</span> 
     </span>
     <span class='ocr_line' id='line_1_18' title="bbox 104 2307 1254 2400; baseline -0.004 -22"><span class='ocrx_word' id='word_1_148' title='bbox 104 2311 204 2399; x_wconf 90' lang='lat' dir='ltr'>(XVI,</span> <span class='ocrx_word' id='word_1_149' title='bbox 230 2313 285 2400; x_wconf 84' lang='lat'>14)</span> <span class='ocrx_word' id='word_1_150' title='bbox 309 2310 395 2396; x_wconf 87' lang='lat' dir='ltr'>quod</span> <span class='ocrx_word' id='word_1_151' title='bbox 416 2310 566 2397; x_wconf 90' lang='lat' dir='ltr'>plerique</span> <span class='ocrx_word' id='word_1_152' title='bbox 590 2311 765 2397; x_wconf 84' lang='lat' dir='ltr'>scriptores</span> <span class='ocrx_word' id='word_1_153' title='bbox 788 2309 867 2377; x_wconf 90' lang='lat' dir='ltr'>nihil</span> <span class='ocrx_word' id='word_1_154' title='bbox 892 2309 1094 2395; x_wconf 85' lang='lat' dir='ltr'>nisipartem</span> <span class='ocrx_word' id='word_1_155' title='bbox 1112 2307 1254 2392; x_wconf 88' lang='lat' dir='ltr'>aliquam</span> 
     </span>
     <span class='ocr_line' id='line_1_19' title="bbox 101 2416 1251 2506; baseline -0.008 -18"><span class='ocrx_word' id='word_1_156' title='bbox 101 2419 180 2488; x_wconf 91' lang='lat' dir='ltr'>belli</span> <span class='ocrx_word' id='word_1_157' title='bbox 212 2419 415 2488; x_wconf 88' lang='lat' dir='ltr'>conscribere</span> <span class='ocrx_word' id='word_1_158' title='bbox 444 2419 506 2487; x_wconf 86' lang='lat' dir='ltr'>sibi</span> <span class='ocrx_word' id='word_1_159' title='bbox 532 2424 718 2506; x_wconf 87' lang='lat' dir='ltr'>proponant</span> <span class='ocrx_word' id='word_1_160' title='bbox 748 2416 795 2504; x_wconf 73' lang='lat' dir='ltr'>(oi</span> <span class='ocrx_word' id='word_1_161' title='bbox 827 2418 908 2483; x_wconf 75' lang='grc' dir='ltr'>κατὰ</span> <span class='ocrx_word' id='word_1_162' title='bbox 935 2419 1032 2504; x_wconf 81' lang='grc' dir='ltr'><strong><em>μέρος</em></strong></span> <span class='ocrx_word' id='word_1_163' title='bbox 1059 2417 1251 2503; x_wconf 61' lang='lat' dir='ltr'>ypapanton)</span> 
     </span>
     <span class='ocr_line' id='line_1_20' title="bbox 103 2525 1247 2615; baseline -0.003 -21"><span class='ocrx_word' id='word_1_164' title='bbox 103 2528 257 2615; x_wconf 86' lang='lat' dir='ltr'>dicitque,</span> <span class='ocrx_word' id='word_1_165' title='bbox 279 2548 316 2596; x_wconf 88' lang='lat' dir='ltr'>se</span> <span class='ocrx_word' id='word_1_166' title='bbox 336 2531 486 2614; x_wconf 90' lang='lat' dir='ltr'>primum,</span> <span class='ocrx_word' id='word_1_167' title='bbox 510 2547 595 2614; x_wconf 88' lang='lat' dir='ltr'>quae</span> <span class='ocrx_word' id='word_1_168' title='bbox 618 2527 767 2595; x_wconf 90' lang='lat' dir='ltr'>omnibus</span> <span class='ocrx_word' id='word_1_169' title='bbox 789 2527 822 2593; x_wconf 91' lang='lat' dir='ltr'>in</span> <span class='ocrx_word' id='word_1_170' title='bbox 845 2527 940 2593; x_wconf 90' lang='lat' dir='ltr'>terris</span> <span class='ocrx_word' id='word_1_171' title='bbox 962 2530 1054 2612; x_wconf 84' lang='lat' dir='ltr'>gesta</span> <span class='ocrx_word' id='word_1_172' title='bbox 1075 2525 1247 2608; x_wconf 89' lang='lat' dir='ltr'>sint,com·</span> 
     </span>
     <span class='ocr_line' id='line_1_21' title="bbox 100 2635 1248 2725; baseline -0.002 -23"><span class='ocrx_word' id='word_1_173' title='bbox 100 2636 311 2723; x_wconf 87' lang='lat' dir='ltr'>prehendere.</span> <span class='ocrx_word' id='word_1_174' title='bbox 356 2636 429 2719; x_wconf 85' lang='lat' dir='ltr'>(cir.</span> <span class='ocrx_word' id='word_1_175' title='bbox 452 2637 596 2721; x_wconf 84' lang='lat' dir='ltr'>Nitnsch,</span> <span class='ocrx_word' id='word_1_176' title='bbox 619 2659 700 2705; x_wconf 89' lang='lat' dir='ltr'>mus.</span> <span class='ocrx_word' id='word_1_177' title='bbox 722 2636 812 2704; x_wconf 89' lang='lat' dir='ltr'>rhen.</span> <span class='ocrx_word' id='word_1_178' title='bbox 835 2635 943 2702; x_wconf 85' lang='lat' dir='ltr'>XXIII</span> <span class='ocrx_word' id='word_1_179' title='bbox 961 2657 992 2722; x_wconf 91' lang='lat' dir='ltr'>p.</span> <span class='ocrx_word' id='word_1_180' title='bbox 1009 2637 1097 2725; x_wconf 88' lang='grc'>606).</span> <span class='ocrx_word' id='word_1_181' title='bbox 1142 2636 1248 2721; x_wconf 86' lang='lat' dir='ltr'>Atque</span> 
     </span>
     <span class='ocr_line' id='line_1_22' title="bbox 102 2743 1249 2831; baseline -0.003 -17"><span class='ocrx_word' id='word_1_182' title='bbox 102 2746 187 2830; x_wconf 85' lang='lat' dir='ltr'>VIII,</span> <span class='ocrx_word' id='word_1_183' title='bbox 212 2751 250 2830; x_wconf 81' lang='lat'>4,</span> <span class='ocrx_word' id='word_1_184' title='bbox 284 2750 302 2813; x_wconf 88' lang='lat'><strong>3</strong></span> <span class='ocrx_word' id='word_1_185' title='bbox 326 2747 454 2831; x_wconf 88' lang='lat' dir='ltr'>saepius</span> <span class='ocrx_word' id='word_1_186' title='bbox 485 2752 714 2814; x_wconf 83' lang='lat' dir='ltr'>commemorat</span> <span class='ocrx_word' id='word_1_187' title='bbox 742 2745 911 2813; x_wconf 86' lang='lat' dir='ltr'>historiam</span> <span class='ocrx_word' id='word_1_188' title='bbox 946 2743 1159 2829; x_wconf 86' lang='lat' dir='ltr'>expeditionis</span> <span class='ocrx_word' id='word_1_189' title='bbox 1187 2743 1249 2810; x_wconf 79' lang='lat' dir='ltr'>Ro-</span> 
     </span>
     <span class='ocr_line' id='line_1_23' title="bbox 101 2854 1247 2942; baseline -0.003 -20"><span class='ocrx_word' id='word_1_190' title='bbox 101 2877 217 2924; x_wconf 86' lang='lat' dir='ltr'>manae</span> <span class='ocrx_word' id='word_1_191' title='bbox 239 2857 274 2924; x_wconf 76' lang='lat' dir='ltr'>tn</span> <span class='ocrx_word' id='word_1_192' title='bbox 295 2855 489 2942; x_wconf 87' lang='lat' dir='ltr'>Hispaniam</span> <span class='ocrx_word' id='word_1_193' title='bbox 511 2860 569 2923; x_wconf 90' lang='lat' dir='ltr'>aut</span> <span class='ocrx_word' id='word_1_194' title='bbox 590 2856 625 2924; x_wconf 88' lang='lat' dir='ltr'>in</span> <span class='ocrx_word' id='word_1_195' title='bbox 655 2855 815 2938; x_wconf 84' lang='lat' dir='ltr'>Siciliam3</span> <span class='ocrx_word' id='word_1_196' title='bbox 842 2854 899 2921; x_wconf 82' lang='lat' dir='ltr'>cir.</span> <span class='ocrx_word' id='word_1_197' title='bbox 923 2854 1010 2936; x_wconf 90' lang='lat' dir='ltr'>VIII,</span> <span class='ocrx_word' id='word_1_198' title='bbox 1045 2859 1082 2937; x_wconf 88' lang='grc'>4,</span> <span class='ocrx_word' id='word_1_199' title='bbox 1114 2858 1133 2919; x_wconf 89' lang='grc'><strong>3</strong></span> <span class='ocrx_word' id='word_1_200' title='bbox 1161 2859 1195 2920; x_wconf 87' lang='grc'>44</span> <span class='ocrx_word' id='word_1_201' title='bbox 1217 2857 1247 2934; x_wconf 85' lang='grc'>4,</span> 
     </span>
     <span class='ocr_line' id='line_1_24' title="bbox 103 2963 1252 3050; baseline 0.001 -20"><span class='ocrx_word' id='word_1_202' title='bbox 103 2969 145 3047; x_wconf 80' lang='grc'>5;</span> <span class='ocrx_word' id='word_1_203' title='bbox 168 2969 198 3047; x_wconf 90' lang='grc'>4,</span> <span class='ocrx_word' id='word_1_204' title='bbox 223 2969 254 3034; x_wconf 85' lang='grc'>8.</span> <span class='ocrx_word' id='word_1_205' title='bbox 299 2963 372 3030; x_wconf 89' lang='lat' dir='ltr'>Hae</span> <span class='ocrx_word' id='word_1_206' title='bbox 394 2964 495 3050; x_wconf 85' lang='lat' dir='ltr'>igitur</span> <span class='ocrx_word' id='word_1_207' title='bbox 517 2971 628 3050; x_wconf 87' lang='lat' dir='ltr'>partes</span> <span class='ocrx_word' id='word_1_208' title='bbox 650 2964 727 3032; x_wconf 90' lang='lat' dir='ltr'>belli</span> <span class='ocrx_word' id='word_1_209' title='bbox 746 2965 923 3050; x_wconf 88' lang='lat' dir='ltr'>separatim</span> <span class='ocrx_word' id='word_1_210' title='bbox 937 2968 1031 3030; x_wconf 88' lang='lat' dir='ltr'>erant</span> <span class='ocrx_word' id='word_1_211' title='bbox 1042 2963 1252 3049; x_wconf 86' lang='lat' dir='ltr'>perscriptae,</span> 
     </span>
     <span class='ocr_line' id='line_1_25' title="bbox 102 3070 1247 3159; baseline -0.003 -19"><span class='ocrx_word' id='word_1_212' title='bbox 102 3078 179 3140; x_wconf 89' lang='lat' dir='ltr'>ante</span> <span class='ocrx_word' id='word_1_213' title='bbox 200 3071 386 3159; x_wconf 84' lang='lat' dir='ltr'>Polybium3</span> <span class='ocrx_word' id='word_1_214' title='bbox 421 3077 520 3159; x_wconf 87' lang='lat' dir='ltr'>atquo</span> <span class='ocrx_word' id='word_1_215' title='bbox 543 3073 611 3139; x_wconf 90' lang='lat' dir='ltr'>sine</span> <span class='ocrx_word' id='word_1_216' title='bbox 634 3073 732 3140; x_wconf 91' lang='lat' dir='ltr'>dubio</span> <span class='ocrx_word' id='word_1_217' title='bbox 756 3074 798 3140; x_wconf 91' lang='lat' dir='ltr'>ab</span> <span class='ocrx_word' id='word_1_218' title='bbox 821 3071 1013 3159; x_wconf 88' lang='lat' dir='ltr'>aequalibus</span> <span class='ocrx_word' id='word_1_219' title='bbox 1041 3070 1132 3153; x_wconf 88' lang='lat' dir='ltr'>belli;</span> <span class='ocrx_word' id='word_1_220' title='bbox 1161 3070 1247 3137; x_wconf 90' lang='lat' dir='ltr'>uude</span> 
     </span>
     <span class='ocr_line' id='line_1_26' title="bbox 102 3179 1325 3268; baseline -0.002 -20"><span class='ocrx_word' id='word_1_221' title='bbox 102 3182 258 3266; x_wconf 86' lang='lat' dir='ltr'>sequitur,</span> <span class='ocrx_word' id='word_1_222' title='bbox 282 3188 408 3249; x_wconf 88' lang='lat' dir='ltr'>ceteras</span> <span class='ocrx_word' id='word_1_223' title='bbox 430 3202 559 3267; x_wconf 90' lang='lat' dir='ltr'>quoque</span> <span class='ocrx_word' id='word_1_224' title='bbox 582 3185 703 3265; x_wconf 90' lang='lat' dir='ltr'>partes,</span> <span class='ocrx_word' id='word_1_225' title='bbox 726 3183 760 3247; x_wconf 93' lang='lat' dir='ltr'>in</span> <span class='ocrx_word' id='word_1_226' title='bbox 782 3202 863 3266; x_wconf 90' lang='lat' dir='ltr'>quas</span> <span class='ocrx_word' id='word_1_227' title='bbox 886 3181 1007 3248; x_wconf 92' lang='lat' dir='ltr'>bellum</span> <span class='ocrx_word' id='word_1_228' title='bbox 1029 3181 1179 3268; x_wconf 91' lang='lat' dir='ltr'>punicum</span> <span class='ocrx_word' id='word_1_229' title='bbox 1206 3179 1252 3246; x_wconf 94' lang='lat' dir='ltr'>di·</span> <span class='ocrx_word' id='word_1_230' title='bbox 1322 3208 1325 3213; x_wconf 96' lang='lat'>·</span> 
     </span>
     <span class='ocr_line' id='line_1_27' title="bbox 100 3281 1255 3376; baseline 0 -20"><span class='ocrx_word' id='word_1_231' title='bbox 100 3291 240 3373; x_wconf 91' lang='lat' dir='ltr'>rimitur,</span> <span class='ocrx_word' id='word_1_232' title='bbox 273 3289 461 3376; x_wconf 85' lang='lat' dir='ltr'>singillatim</span> <span class='ocrx_word' id='word_1_233' title='bbox 493 3291 637 3375; x_wconf 88' lang='lat' dir='ltr'>potuisse</span> <span class='ocrx_word' id='word_1_234' title='bbox 673 3291 865 3357; x_wconf 83' lang='lat' dir='ltr'>enarratori.</span> <span class='ocrx_word' id='word_1_235' title='bbox 916 3281 1058 3356; x_wconf 83' lang='lat' dir='ltr'>Maxime</span> <span class='ocrx_word' id='word_1_236' title='bbox 1087 3310 1164 3357; x_wconf 88' lang='lat' dir='ltr'>vero</span> <span class='ocrx_word' id='word_1_237' title='bbox 1201 3311 1255 3357; x_wconf 91' lang='lat' dir='ltr'>res</span> 
     </span>
     <span class='ocr_line' id='line_1_28' title="bbox 100 3399 1249 3486; baseline 0 -20"><span class='ocrx_word' id='word_1_238' title='bbox 100 3399 232 3466; x_wconf 89' lang='lat' dir='ltr'>Africae</span> <span class='ocrx_word' id='word_1_239' title='bbox 254 3405 288 3466; x_wconf 87' lang='lat' dir='ltr'>et</span> <span class='ocrx_word' id='word_1_240' title='bbox 308 3399 507 3486; x_wconf 88' lang='lat' dir='ltr'>Hispaniae,</span> <span class='ocrx_word' id='word_1_241' title='bbox 543 3421 613 3466; x_wconf 88' lang='lat' dir='ltr'>cum</span> <span class='ocrx_word' id='word_1_242' title='bbox 636 3400 677 3467; x_wconf 88' lang='lat' dir='ltr'>ad</span> <span class='ocrx_word' id='word_1_243' title='bbox 700 3422 800 3466; x_wconf 89' lang='lat' dir='ltr'>unum</span> <span class='ocrx_word' id='word_1_244' title='bbox 828 3399 1007 3486; x_wconf 78' lang='lat' dir='ltr'>Scipionem</span> <span class='ocrx_word' id='word_1_245' title='bbox 1039 3400 1249 3486; x_wconf 88' lang='lat' dir='ltr'>pertinerent,</span> 
     </span>
     <span class='ocr_line' id='line_1_29' title="bbox 104 3507 1253 3595; baseline -0.001 -20"><span class='ocrx_word' id='word_1_246' title='bbox 104 3513 200 3593; x_wconf 89' lang='lat' dir='ltr'>aptae</span> <span class='ocrx_word' id='word_1_247' title='bbox 223 3511 326 3591; x_wconf 89' lang='lat' dir='ltr'>erant,</span> <span class='ocrx_word' id='word_1_248' title='bbox 350 3528 433 3593; x_wconf 90' lang='lat' dir='ltr'>quae</span> <span class='ocrx_word' id='word_1_249' title='bbox 456 3528 520 3574; x_wconf 91' lang='lat' dir='ltr'>uno</span> <span class='ocrx_word' id='word_1_250' title='bbox 533 3507 692 3577; x_wconf 81' lang='lat' dir='ltr'>volumine</span> <span class='ocrx_word' id='word_1_251' title='bbox 709 3511 897 3595; x_wconf 89' lang='lat' dir='ltr'>conjunctae</span> <span class='ocrx_word' id='word_1_252' title='bbox 911 3512 1151 3575; x_wconf 87' lang='lat' dir='ltr'>enarrarentur.</span> <span class='ocrx_word' id='word_1_253' title='bbox 1189 3508 1253 3576; x_wconf 88' lang='lat' dir='ltr'>Sed</span> 
     </span>
     <span class='ocr_line' id='line_1_30' title="bbox 102 3614 1251 3703; baseline -0.002 -22"><span class='ocrx_word' id='word_1_254' title='bbox 102 3621 178 3681; x_wconf 91' lang='lat' dir='ltr'>utut</span> <span class='ocrx_word' id='word_1_255' title='bbox 200 3615 260 3682; x_wconf 89' lang='lat' dir='ltr'>hoc</span> <span class='ocrx_word' id='word_1_256' title='bbox 282 3623 351 3699; x_wconf 86' lang='lat' dir='ltr'>est;</span> <span class='ocrx_word' id='word_1_257' title='bbox 371 3614 523 3703; x_wconf 80' lang='lat' dir='ltr'>Polybius</span> <span class='ocrx_word' id='word_1_258' title='bbox 544 3614 666 3684; x_wconf 87' lang='lat' dir='ltr'>nullius</span> <span class='ocrx_word' id='word_1_259' title='bbox 689 3615 766 3702; x_wconf 85' lang='lat' dir='ltr'>lere,</span> <span class='ocrx_word' id='word_1_260' title='bbox 789 3616 850 3684; x_wconf 91' lang='lat' dir='ltr'>nisi</span> <span class='ocrx_word' id='word_1_261' title='bbox 872 3618 936 3682; x_wconf 70' lang='grc' dir='ltr'>τῶν</span> <span class='ocrx_word' id='word_1_262' title='bbox 957 3616 1040 3681; x_wconf 74' lang='grc' dir='ltr'>κατὰ</span> <span class='ocrx_word' id='word_1_263' title='bbox 1054 3618 1152 3703; x_wconf 76' lang='grc' dir='ltr'><strong><em>μέρος</em></strong></span> <span class='ocrx_word' id='word_1_264' title='bbox 1171 3638 1251 3701; x_wconf 77' lang='grc' dir='ltr'>γρα-</span> 
     </span>
     <span class='ocr_line' id='line_1_31' title="bbox 103 3725 1254 3813; baseline 0.001 -23"><span class='ocrx_word' id='word_1_265' title='bbox 103 3725 235 3813; x_wconf 78' lang='grc' dir='ltr'><em>φόντων</em></span> <span class='ocrx_word' id='word_1_266' title='bbox 256 3725 408 3792; x_wconf 92' lang='lat' dir='ltr'>librist</span> <span class='ocrx_word' id='word_1_267' title='bbox 371 3726 419 3792; x_wconf 93' lang='lat' dir='ltr'>uti</span> <span class='ocrx_word' id='word_1_268' title='bbox 442 3729 500 3812; x_wconf 85' lang='lat' dir='ltr'>pot</span> <span class='ocrx_word' id='word_1_269' title='bbox 501 3726 550 3793; x_wconf 88' lang='grc'>444</span> <span class='ocrx_word' id='word_1_270' title='bbox 551 3725 668 3812; x_wconf 93' lang='lat' dir='ltr'>,quod</span> <span class='ocrx_word' id='word_1_271' title='bbox 692 3747 764 3793; x_wconf 91' lang='lat' dir='ltr'>eum</span> <span class='ocrx_word' id='word_1_272' title='bbox 786 3725 966 3808; x_wconf 70' lang='lat' dir='ltr'>fecisset</span> <span class='ocrx_word' id='word_1_273' title='bbox 933 3731 966 3792; x_wconf 91' lang='lat' dir='ltr'>et</span> <span class='ocrx_word' id='word_1_274' title='bbox 988 3726 1089 3792; x_wconf 88' lang='lat' dir='ltr'>mirus</span> <span class='ocrx_word' id='word_1_275' title='bbox 1110 3727 1166 3793; x_wconf 91' lang='grc' dir='ltr'>ι114</span> <span class='ocrx_word' id='word_1_276' title='bbox 1178 3747 1254 3792; x_wconf 87' lang='grc'>444</span> 
     </span>
     <span class='ocr_line' id='line_1_32' title="bbox 103 3833 1249 3920; baseline 0 -19"><span class='ocrx_word' id='word_1_277' title='bbox 103 3855 218 3901; x_wconf 88' lang='lat' dir='ltr'>sensus</span> <span class='ocrx_word' id='word_1_278' title='bbox 241 3855 312 3900; x_wconf 90' lang='lat' dir='ltr'>cum</span> <span class='ocrx_word' id='word_1_279' title='bbox 336 3833 463 3902; x_wconf 87' lang='lat' dir='ltr'>Livio</span> <span class='ocrx_word' id='word_1_280' title='bbox 450 3855 485 3900; x_wconf 80' lang='lat' dir='ltr'>aa</span> <span class='ocrx_word' id='word_1_281' title='bbox 503 3840 602 3917; x_wconf 81' lang='lat' dir='ltr'>porte</span> <span class='ocrx_word' id='word_1_282' title='bbox 625 3833 736 3919; x_wconf 86' lang='lat' dir='ltr'>aliqua</span> <span class='ocrx_word' id='word_1_283' title='bbox 758 3833 836 3900; x_wconf 90' lang='lat' dir='ltr'>belli</span> <span class='ocrx_word' id='word_1_284' title='bbox 857 3854 967 3920; x_wconf 78' lang='lat' dir='ltr'>punior</span> <span class='ocrx_word' id='word_1_285' title='bbox 988 3837 1021 3900; x_wconf 92' lang='lat' dir='ltr'>e</span> <span class='ocrx_word' id='word_1_286' title='bbox 1043 3833 1105 3901; x_wconf 92' lang='lat' dir='ltr'>loci</span> <span class='ocrx_word' id='word_1_287' title='bbox 1127 3833 1211 3918; x_wconf 94' lang='lat' dir='ltr'>VIII,</span> <span class='ocrx_word' id='word_1_288' title='bbox 1229 3839 1249 3900; x_wconf 90' lang='grc'>4</span> 
     </span>
     <span class='ocr_line' id='line_1_33' title="bbox 101 3940 325 4028; baseline -0.005 -18"><span class='ocrx_word' id='word_1_289' title='bbox 101 3940 325 4028; x_wconf 86' lang='lat' dir='ltr'>comprobant.</span> 
     </span>
    </p>

    <p class='ocr_par' dir='ltr' id='par_1_6' title="bbox 99 4048 1251 4688">
     <span class='ocr_line' id='line_1_34' title="bbox 194 4048 1251 4139; baseline 0.002 -21"><span class='ocrx_word' id='word_1_290' title='bbox 194 4051 256 4118; x_wconf 83' lang='lat' dir='ltr'>Sed</span> <span class='ocrx_word' id='word_1_291' title='bbox 279 4051 331 4117; x_wconf 93' lang='lat' dir='ltr'>hic</span> <span class='ocrx_word' id='word_1_292' title='bbox 356 4051 425 4117; x_wconf 90' lang='lat' dir='ltr'>sine</span> <span class='ocrx_word' id='word_1_293' title='bbox 458 4048 557 4118; x_wconf 92' lang='lat' dir='ltr'>dubio</span> <span class='ocrx_word' id='word_1_294' title='bbox 588 4051 649 4118; x_wconf 88' lang='lat' dir='ltr'>erit</span> <span class='ocrx_word' id='word_1_295' title='bbox 682 4051 788 4119; x_wconf 90' lang='lat' dir='ltr'>consis</span> <span class='ocrx_word' id='word_1_296' title='bbox 790 4053 1039 4120; x_wconf 88' lang='lat' dir='ltr'>tentundumet</span> <span class='ocrx_word' id='word_1_297' title='bbox 1070 4053 1157 4121; x_wconf 88' lang='lat' dir='ltr'>ultra</span> <span class='ocrx_word' id='word_1_298' title='bbox 1178 4075 1251 4139; x_wconf 89' lang='lat' dir='ltr'>pro·</span> 
     </span>
     <span class='ocr_line' id='line_1_35' title="bbox 100 4160 1251 4251; baseline 0.003 -24"><span class='ocrx_word' id='word_1_299' title='bbox 100 4160 194 4248; x_wconf 85' lang='lat' dir='ltr'>gredi</span> <span class='ocrx_word' id='word_1_300' title='bbox 228 4166 314 4228; x_wconf 86' lang='lat' dir='ltr'>esset</span> <span class='ocrx_word' id='word_1_301' title='bbox 341 4181 486 4227; x_wconf 88' lang='grc'>444444</span> <span class='ocrx_word' id='word_1_302' title='bbox 516 4160 682 4229; x_wconf 88' lang='lat' dir='ltr'>audaciae.</span> <span class='ocrx_word' id='word_1_303' title='bbox 733 4162 858 4229; x_wconf 87' lang='lat' dir='ltr'>Nomen</span> <span class='ocrx_word' id='word_1_304' title='bbox 889 4163 974 4230; x_wconf 90' lang='lat' dir='ltr'>enim</span> <span class='ocrx_word' id='word_1_305' title='bbox 1010 4163 1176 4251; x_wconf 87' lang='lat' dir='ltr'>scriptoris</span> <span class='ocrx_word' id='word_1_306' title='bbox 1210 4184 1251 4230; x_wconf 90' lang='lat' dir='ltr'>ne</span> 
     </span>
     <span class='ocr_line' id='line_1_36' title="bbox 100 4270 1249 4364; baseline 0.003 -27"><span class='ocrx_word' id='word_1_307' title='bbox 100 4270 310 4356; x_wconf 87' lang='lat' dir='ltr'>conjectando</span> <span class='ocrx_word' id='word_1_308' title='bbox 334 4270 466 4355; x_wconf 87' lang='lat' dir='ltr'>quidem</span> <span class='ocrx_word' id='word_1_309' title='bbox 490 4270 620 4364; x_wconf 85' lang='lat' dir='ltr'>assequi</span> <span class='ocrx_word' id='word_1_310' title='bbox 640 4292 833 4356; x_wconf 80' lang='lat' dir='ltr'>possumus3</span> <span class='ocrx_word' id='word_1_311' title='bbox 855 4293 921 4340; x_wconf 91' lang='lat' dir='ltr'>non</span> <span class='ocrx_word' id='word_1_312' title='bbox 932 4273 1046 4358; x_wconf 87' lang='lat' dir='ltr'>magis,</span> <span class='ocrx_word' id='word_1_313' title='bbox 1069 4294 1166 4359; x_wconf 91' lang='lat' dir='ltr'>quam</span> <span class='ocrx_word' id='word_1_314' title='bbox 1180 4278 1249 4362; x_wconf 85' lang='lat' dir='ltr'>ejus</span> 
     </span>
     <span class='ocr_line' id='line_1_37' title="bbox 99 4379 1248 4470; baseline 0.004 -24"><span class='ocrx_word' id='word_1_315' title='bbox 99 4400 227 4463; x_wconf 91' lang='lat' dir='ltr'>nomen,</span> <span class='ocrx_word' id='word_1_316' title='bbox 251 4400 346 4465; x_wconf 88' lang='lat' dir='ltr'>quom</span> <span class='ocrx_word' id='word_1_317' title='bbox 367 4379 404 4445; x_wconf 93' lang='lat' dir='ltr'>P.</span> <span class='ocrx_word' id='word_1_318' title='bbox 420 4379 511 4464; x_wconf 91' lang='lat' dir='ltr'>VIII,</span> <span class='ocrx_word' id='word_1_319' title='bbox 527 4381 600 4447; x_wconf 85' lang='grc'>444</span> <span class='ocrx_word' id='word_1_320' title='bbox 612 4381 709 4448; x_wconf 89' lang='lat' dir='ltr'>rebus</span> <span class='ocrx_word' id='word_1_321' title='bbox 720 4381 898 4467; x_wconf 86' lang='lat' dir='ltr'>Hispaniae</span> <span class='ocrx_word' id='word_1_322' title='bbox 913 4383 1082 4470; x_wconf 86' lang='lat' dir='ltr'>scripsisse</span> <span class='ocrx_word' id='word_1_323' title='bbox 1093 4384 1248 4452; x_wconf 85' lang='lat' dir='ltr'>videmus.</span> 
     </span>
     <span class='ocr_line' id='line_1_38' title="bbox 100 4487 1251 4578; baseline 0.003 -22"><span class='ocrx_word' id='word_1_324' title='bbox 100 4491 231 4574; x_wconf 87' lang='lat' dir='ltr'>Itaque,</span> <span class='ocrx_word' id='word_1_325' title='bbox 261 4487 461 4555; x_wconf 85' lang='lat' dir='ltr'>utbreviter</span> <span class='ocrx_word' id='word_1_326' title='bbox 490 4488 817 4575; x_wconf 88' lang='lat' dir='ltr'>comprehendamus,</span> <span class='ocrx_word' id='word_1_327' title='bbox 855 4511 938 4576; x_wconf 89' lang='lat' dir='ltr'>quae</span> <span class='ocrx_word' id='word_1_328' title='bbox 974 4512 1073 4577; x_wconf 87' lang='lat' dir='ltr'>supra</span> <span class='ocrx_word' id='word_1_329' title='bbox 1103 4494 1251 4578; x_wconf 84' lang='lat' dir='ltr'>exposita</span> 
     </span>
     <span class='ocr_line' id='line_1_39' title="bbox 102 4594 1246 4688; baseline 0.004 -23"><span class='ocrx_word' id='word_1_330' title='bbox 102 4603 197 4682; x_wconf 86' lang='lat' dir='ltr'>sunt,</span> <span class='ocrx_word' id='word_1_331' title='bbox 219 4594 253 4663; x_wconf 89' lang='lat' dir='ltr'>id</span> <span class='ocrx_word' id='word_1_332' title='bbox 277 4599 340 4664; x_wconf 87' lang='lat' dir='ltr'>orit</span> <span class='ocrx_word' id='word_1_333' title='bbox 362 4597 547 4666; x_wconf 90' lang='lat' dir='ltr'>dicendum:</span> <span class='ocrx_word' id='word_1_334' title='bbox 578 4599 810 4686; x_wconf 88' lang='lat' dir='ltr'>Expeditiones</span> <span class='ocrx_word' id='word_1_335' title='bbox 834 4599 1003 4688; x_wconf 86' lang='lat' dir='ltr'>Scipionis,</span> <span class='ocrx_word' id='word_1_336' title='bbox 1026 4601 1139 4688; x_wconf 88' lang='lat' dir='ltr'>quales</span> <span class='ocrx_word' id='word_1_337' title='bbox 1161 4603 1246 4688; x_wconf 89' lang='lat' dir='ltr'>apud</span> 
     </span>
    </p>
   </div>
   <div class='ocr_carea' id='block_1_4' title="bbox 0 0 1598 5322">
    <p class='ocr_par' dir='ltr' id='par_1_7' title="bbox 0 0 1598 5322">
     <span class='ocr_line' id='line_1_40' title="bbox 0 0 1598 5322; baseline 0 2"><span class='ocrx_word' id='word_1_338' title='bbox 0 0 1598 5322; x_wconf 95' lang='lat' dir='ltr'> </span> 
     </span>
    </p>
   </div>
  </div>
 </body>
</html>
