3186 5322
858 452 898 512 26

303 621 537 689 diversissimos
557 620 731 705 scriptores
753 618 875 686 iactum
897 623 1002 703 esset,
1035 621 1120 686 inter
1141 620 1296 688 miracula
1318 624 1352 688 et
1373 623 1448 706 pro-

303 729 390 815 digia
412 735 500 796 certe
527 735 613 796 esset
641 727 858 810 referendum3
887 729 1081 812 praesertim
1111 749 1185 794 cnm
1206 751 1358 796 numerus
1379 729 1448 795 fon·

302 837 394 918 tlum,
417 857 498 920 quos
510 842 645 920 uterque
659 835 750 920 sequi
771 839 910 918 poterat,
934 834 1015 901 satis
1028 856 1146 919 parvus
1167 835 1316 905 ,videatur
1337 835 1447 904 fuisse.

302 943 446 1010 Tertium
467 950 535 1024 est,
567 943 653 1029 quod
679 944 712 1009 in
733 943 969 1027 posterioribus
997 943 1092 1011 libris
1125 965 1190 1011 non
1217 946 1264 1012 ita
1285 965 1362 1010 raro
1384 944 1448 1010 loci

301 1053 520 1133 inveniuntur,
543 1053 599 1137 qui
621 1051 663 1117 ad
686 1071 753 1116 rem
777 1051 918 1144 aliquam
933 1073 996 1118 non
1020 1053 1129 1136 magni
1150 1053 1305 1119 momenti
1326 1053 1359 1118 in
1380 1053 1447 1136 pri·

301 1159 412 1227 oribus
438 1160 534 1227 libris
567 1159 617 1227 vel
645 1159 881 1243 praetereundo
913 1165 1078 1227 narratam
1107 1161 1292 1246 respiciunt.
1336 1161 1445 1228 Livius

301 1273 409 1334 antem
431 1267 579 1334 celeriter
601 1267 778 1349 scribebat,
811 1274 911 1353 atque
944 1269 1025 1336 adeo
1057 1289 1167 1335 rerum
1196 1269 1307 1354 paullo
1329 1274 1405 1336 ante
1423 1288 1445 1333 a

300 1395 335 1441 se
358 1373 531 1441 allatarum
553 1383 624 1442 erat
638 1375 864 1458 Inmen0r²⁶),
886 1383 1002 1443 utnon
1023 1398 1109 1459 roro,
1133 1382 1191 1443 aut
1204 1376 1301 1443 alium
1324 1377 1445 1442 iontem

300 1488 439 1565 secutus,
460 1503 593 1568 prorsus
606 1485 821 1568 repugnantia
843 1484 987 1567 adderet,
1010 1489 1069 1551 aut
1091 1484 1226 1550 cundem
1249 1485 1371 1551 fontem
1392 1505 1444 1550 re·

298 1587 423 1672 bnans,
455 1591 609 1656 nonnulla
630 1591 811 1671 omitteret,
839 1610 924 1675 quae
953 1591 1030 1657 addi
1060 1591 1234 1658 dedebant.
1278 1593 1395 1676 ltaque
1416 1591 1443 1657 si

298 1697 407 1764 Livius
428 1697 548 1780 XXVI,
573 1701 631 1781 ol,
654 1703 673 1764 2
697 1699 801 1781 affert,
823 1699 968 1765 Laelium
990 1721 1010 1766 a
1033 1699 1179 1784 Scipione
1201 1721 1273 1765 cum
1295 1699 1441 1780 navibus,

299 1805 438 1892 Magone
467 1805 602 1892 aliisque
625 1809 759 1892 captivis
782 1807 917 1874 Romam
945 1809 1095 1874 nuntium
1124 1809 1279 1876 dmomae
1309 1809 1442 1874 missum

299 1935 384 1996 esse,
409 1935 544 2000 eumque
565 1913 701 1998 XXVII,
728 1919 785 1998 17,
808 1920 828 1981 8
851 1916 1067 2000 praeterendo
1089 1917 1192 1984 Roma
1213 1916 1349 1983 rediisse
1369 1935 1442 1981 nar·

297 2028 363 2104 rat,
392 2019 473 2088 haec
500 2041 567 2106 ros,
598 2023 717 2088 collata
737 2043 809 2088 oum
842 2028 952 2092 cetero
981 2043 1139 2090 consensu
1171 2029 1270 2108 atque
1299 2045 1370 2090 cum
1392 2043 1441 2103 eo,

299 2129 385 2214 quod
407 2131 441 2195 in
454 2130 491 2195 L.
509 2129 656 2214 Scipione
677 2129 823 2216 XXVIII,
846 2137 877 2211 4,
902 2136 1006 2198 4ιιοιι
1028 2137 1095 2197 tam
1109 2137 1280 2198 accuratus
1301 2137 1361 2211 est,
1382 2149 1442 2196 noa

297 2245 414 2319 movet,
436 2239 528 2304 utin
550 2237 601 2304 his
623 2237 750 2305 duobus
771 2237 851 2304 locis
866 2239 1002 2304 eundem
1024 2239 1145 2306 iontem
1156 2245 1354 2324 usurpatum
1369 2257 1441 2305 esse

297 2352 458 2431 putemus.
503 2346 606 2413 Simili
633 2343 730 2413 modo
752 2345 819 2413 niv.
841 2345 991 2428 XXVIII,
1015 2352 1066 2430 35,
1086 2353 1109 2412 6
1129 2347 1319 2414 Massinissa
1340 2346 1440 2432 Scipi·

298 2455 353 2522 oni
382 2455 503 2540 gratias
534 2453 615 2538 agit,
645 2455 731 2540 quod
761 2455 871 2522 fratris
900 2455 1002 2522 filium
1023 2457 1196 2524 Massivam
1218 2456 1355 2538 XXVII,
1389 2460 1439 2536 le,

296 2561 359 2629 sibi
385 2563 573 2643 remiserat3
602 2562 690 2646 quod
712 2561 820 2628 Livius
842 2562 996 2644 XXVIII,
1030 2567 1070 2630 35
1101 2583 1165 2629 non
1198 2565 1267 2630 sna'
1284 2562 1440 2630 memoria

297 2669 399 2736 iratus
423 2669 583 2754 apposuit,
606 2669 663 2735 sed
677 2668 811 2735 insonte
832 2691 891 2736 suo
914 2671 1045 2737 invenit.
1088 2671 1364 2756 Iliturgitanorum
1373 2689 1439 2738 soe·

296 2779 357 2860 Ins,
380 2779 467 2863 quod
489 2779 524 2844 in
544 2777 628 2844 libro
651 2775 750 2860 XXV,
774 2779 830 2845 ubi
852 2779 1049 2846 narrandum
1071 2780 1195 2861 fuisset,
1218 2801 1282 2846 non
1303 2778 1438 2845 allatum

295 2892 355 2968 est,
376 2883 524 2966 XXVIII,
551 2892 600 2969 19,
624 2891 642 2952 2
659 2894 947 2970 'commemoratum
969 2890 1011 2953 ad
1026 2907 1125 2975 quam
1139 2909 1208 2954 rem
1219 2887 1367 2968 XXVIII,
1385 2889 1437 2969 25,

295 2989 324 3060 δ’
337 2997 522 3079 respicitur,
553 3015 748 3081 quamquam
777 3017 882 3080 neque
909 2997 1017 3080 magni
1038 2996 1191 3062 momenti
1212 3004 1301 3077 erat,
1332 3017 1437 3081 neque

294 3111 445 3171 accurate
468 3105 625 3189 exposita.
670 3105 738 3172 Lis.
760 3105 904 3187 XXVIII,
928 3108 985 3186 23,
1021 3109 1040 3168 6
1068 3125 1088 3170 a
1118 3103 1264 3171 Gadibus
1284 3103 1436 3189 perfugae

293 3211 418 3278 venisse
439 3211 601 3293 dicuntur,
624 3211 738 3280 urbem
758 3210 1006 3295 cumpraesidio
1030 3217 1063 3278 et
1086 3211 1183 3278 classi
1201 3207 1236 3278 se
1258 3211 1435 3278 tradituros

295 3319 498 3406 pollicentes,
525 3321 676 3406 adquam
700 3320 894 3402 romanibus
915 3319 1132 3405 paragraphis
1154 3321 1349 3406 exposItam,
1371 3341 1436 3387 non

294 3429 398 3496 modo.
412 3429 595 3513 respicitur,
611 3428 667 3494 sed
678 3427 826 3508 XXVIII,
851 3432 903 3510 30,
916 3434 937 3494 t
949 3425 1089 3510 additur,
1100 3429 1205 3510 ‚pient
1216 3432 1293 3493 ante
1313 3427 1436 3494 dictum

293 3542 380 3619 est,“
411 3537 522 3622 itaque
545 3537 616 3620 quis
639 3540 751 3620 neget,
774 3536 854 3601 haec
874 3535 915 3600 ad
939 3535 1075 3600 eundem
1103 3535 1226 3602 iontem
1246 3535 1434 3620 pertinere?

291 3645 444 3728 XXVIII,
471 3649 508 3727 l,
532 3648 552 3709 2
573 3633 758 3710 Hasdrubal
780 3643 931 3728 Gisgonis
952 3643 994 3709 ad
1017 3643 1181 3710 Oceanum
1202 3649 1236 3710 et
1257 3643 1366 3710 Gades
1387 3643 1436 3710 hi·

292 3753 429 3834 bernat;
450 3749 604 3833 XXVIII,
631 3755 681 3830 12,
707 3754 746 3816 13
769 3771 789 3818 a
812 3749 957 3817 Gadibus
978 3751 1170 3836 regreditur.
1213 3749 1358 3834 XXVIII,
1380 3753 1434 3833 31,

294 3859 526 3927 ‘lMandonius
557 3863 591 3924 et
614 3857 763 3926 Indibilis
793 3860 888 3926 initio
920 3860 1087 3927 seditionis
1117 3861 1151 3927 in
1185 3859 1353 3927 Sedetanis
1386 3857 1434 3925 di·

293 3975 410 4035 cuntur
441 3967 560 4066 stativa
591 3966 761 4047 habuisse,
794 3965 911 4052 quibus
943 3967 1049 4034 verbis
1080 3973 1156 4052 apte
1189 3967 1360 4051 respicitur
1390 3966 1433 4034 ad

291 4071 464 4157 LXXVIII,
474 4078 526 4157 24,
536 4078 566 4138 4.
582 4073 619 4139 L.
633 4073 779 4158 XXVIlI,
790 4077 842 4158 tl,
853 4079 870 4140 b
880 4081 1147 4143 commemoratur
1162 4073 1351 4141 »inchoata«
1365 4077 1432 4160 jam

363 4340 410 4410 26)
428 4339 473 4396 Sic
490 4342 536 4409 28,
553 4341 580 4406 4,
598 4338 659 4394 tu.
671 4337 826 4411 Scipionem
836 4340 952 4397 Romam
965 4321 1083 4396 missnm'
1096 4358 1155 4398 esse
1172 4341 1248 4412 dicit,
1265 4343 1314 4398 sed
1332 4343 1432 4408 omisit,

290 4433 347 4504 ejus
365 4433 484 4488 reditum
501 4448 623 4501 narrum
642 4449 725 4502 quare
743 4431 843 4488 mirum
861 4437 911 4504 est,
929 4432 1002 4504 quod
1020 4451 1082 4489 eum
1101 4438 1146 4500 28,
1165 4434 1209 4505 17,
1229 4438 1242 4490 1
1262 4435 1361 4492 iterum
1379 4437 1432 4514 Ro7

290 4527 364 4583 mam
383 4525 535 4598 proiectum
547 4541 605 4581 esse
623 4523 756 4580 audimus.
791 4525 880 4595 Atque
897 4517 1085 4598 haeoqoidem
1102 4521 1138 4583 od
1156 4543 1240 4583 unum
1250 4525 1353 4586 ionum
1369 4523 1433 4600 per*

290 4619 380 4675 tinent
397 4620 506 4689 solaque
524 4617 583 4674 Irin.
600 4618 705 4674 incuria
722 4617 822 4674 omissa
839 4621 909 4674 sunt
1399 4633 1412 4640 ·’
