3186 5322
797 431 834 494 ll

241 603 418 692 Hispaniae
441 608 475 669 et
494 601 823 678 Afrioseoontiuent,
847 621 932 688 quse
944 598 1077 689 Polybio
1097 601 1262 674 simillima
1284 622 1389 692 neque

241 715 351 776 tomen
366 718 474 776 ueules
496 707 669 790 desumpta
690 706 839 788 diximus,
862 728 922 772 nos
943 712 1178 776 convertamus.

224 835 225 839 ¹
331 815 379 880 Ac
400 813 540 898 primurn
563 813 711 898 quidem,
745 814 773 880 si
795 815 1000 882 narrationes
1029 836 1137 882 rerurn
1164 817 1198 882 iu
1219 817 1269 884 his
1291 822 1388 887 terris

242 929 407 1009 gestarum
429 923 683 1009 perlustramus,
714 923 881 990 haeremus
902 924 936 989 in
958 924 1041 992 libro
1062 925 1161 1007 XXV,
1183 948 1210 993 o.
1234 933 1388 995 32-39.

242 1031 371 1098 Etenim
393 1053 466 1098 cum
488 1032 523 1098 in
544 1029 606 1096 hoc
627 1029 711 1098 libro
739 1051 793 1096 res
824 1031 861 1096 ¹in
882 1030 978 1098 Italia
1009 1037 1120 1116 gestae
1150 1035 1388 1102 accuratissime

241 1138 460 1223 explicentur,
483 1136 668 1207 nominibus
690 1138 874 1221 regionum,
906 1137 1053 1221 urbium,
1083 1140 1227 1208 vicorum
1250 1141 1388 1224 additis;

240 1245 537 1330 mirumqnautum
560 1265 671 1312 aarum
693 1264 802 1310 rernm
818 1243 1020 1330 inHispania
1042 1247 1085 1312 sit
1107 1247 1275 1332 scriptoris
1297 1249 1387 1333 igno·

240 1353 357 1420 nautia.
401 1352 535 1420 Publius
557 1351 657 1436 igitur
680 1354 714 1416 et
736 1349 793 1416 On.
806 1349 913 1436 Scipio
936 1373 976 1418 ex
996 1351 1150 1436 hibernis,
1173 1376 1256 1439 quae
1277 1357 1388 1441 ignota

240 1466 334 1541 sunt,
366 1459 633 1545 proficiscuntur3
655 1479 682 1524 c.
707 1462 759 1539 32,
786 1464 821 1536 1;
853 1458 937 1526 alter
959 1466 1073 1529 contra
1095 1461 1280 1549 Magonem,
1303 1465 1388 1532 alter

239 1575 351 1636 souma
372 1566 611 1636 Hasdrubalem
633 1565 856 1646 iterfacturus,
891 1587 973 1652 quos
994 1567 1050 1636 ubi
1073 1577 1240 1638 versentur
1262 1572 1387 1656 ignora·

238 1692 321 1756 mus,
342 1673 405 1744 nisi
418 1673 505 1758 quod
513 1672 682 1758 Magonem
691 1671 832 1756 quinque
844 1671 968 1743 dierum
976 1672 1041 1740 iter
1062 1675 1337 1746 obesseoudimus
1349 1677 1386 1761 ⁸).

238 1780 372 1849 Publius
406 1786 513 1848 sutem
537 1801 558 1846 a
579 1779 696 1849 Poenis
730 1779 967 1848 circumventus
995 1801 1068 1846 cum
1092 1784 1236 1850 exercitu
1259 1784 1387 1852 deletur

239 1889 351 1972 paucis
380 1886 524 1974 perfugis
556 1886 677 1955 relictis
700 1908 727 1953 c.
754 1889 814 1967 35,
841 1890 892 1966 13ς
930 1905 1035 1972 neque
1058 1887 1192 1971 dicitur,
1216 1911 1281 1976 quc
1302 1891 1385 1958 loco.

239 1996 358 2066 Oneius
380 2001 493 2064 contra
515 1995 557 2064 ab
580 1994 733 2079 Hispanis
755 1994 949 2062 destistutus
972 2015 1006 2061 se
1027 1996 1157 2081 recipit,
1181 2000 1387 2084 nequedici·

156 2122 158 2128 ’
237 2111 310 2186 tur,
337 2105 370 2170 in
393 2125 490 2188 quom
510 2104 694 2188 regionem
726 2101 919 2169 Poenicum
942 2103 1101 2185 persecuti
1124 2105 1386 2188 sucumveuinnt

241 2233 345 2297 neque
367 2212 495 2294 dicitur,
521 2210 688 2298 quolooo.
713 2231 742 2276 c.
766 2214 920 2274 35-36.
972 2210 1065 2286 Nunc
1087 2211 1214 2279 demum
1238 2236 1265 2280 c.
1290 2219 1341 2294 37,
1366 2221 1386 2281 3

237 2321 397 2403 audimus,
416 2321 545 2390 Poenos
556 2319 713 2412 Idibgrum
728 2319 904 2400 transiisse,
926 2317 1011 2384 unde
1033 2325 1180 2405 apparet,
1204 2341 1288 2406 quac
1309 2330 1387 2392 ante

240 2435 374 2500 narrata
397 2432 505 2510 crant,
528 2428 561 2494 ln
584 2427 738 2504 ulteriore
760 2425 917 2510 Hispania
939 2433 1032 2510 gesta
1054 2449 1144 2510 esse;
1165 2429 1307 2500 Marcius
1329 2456 1386 2502 au·

237 2544 436 2622 tementes
457 2537 635 2618 Romanus,
658 2555 759 2621 parvo
782 2535 924 2602 exercitu
947 2535 1081 2604 collecto
1103 2539 1243 2622 primum
1259 2540 1386 2610 Poenos

238 2669 258 2714 a
280 2646 367 2732 vallo
388 2651 533 2728 coercet,
556 2650 626 2714 tum
648 2665 711 2712 uns
736 2649 831 2712 uncte
853 2643 919 2711 duc
939 2651 1049 2712 castra
1071 2645 1249 2716 Poenorum
1274 2650 1383 2735 oppri-

237 2755 296 2822 mit
317 2755 477 2839 capitque,
501 2753 554 2818 vix
575 2753 689 2821 nuntio
712 2752 813 2818 cladis
836 2753 959 2818 relicto.

327 2862 444 2945 Itaque
465 2861 553 2929 iutra
575 2865 699 2945 septam
732 2861 874 2944 capitum
902 2860 1044 2944 spatium
1066 2883 1177 2932 omncs
1198 2865 1298 2932 Poeni
1321 2889 1386 2936 non

237 2970 343 3038 minus
364 2969 481 3039 misere
501 2969 687 3054 perierunt,
718 2988 816 3054 quarn
836 2969 990 3052 Romani;
1020 2989 1081 3038 nos
1112 2978 1221 3040 sutem
1251 2997 1322 3040 cum
1346 2997 1386 3044 ex

238 3083 310 3149 tcta
330 3077 563 3162 descriptione,
599 3083 667 3144 tum
692 3098 732 3146 ex
753 3078 793 3146 iis
817 3098 903 3161 quae
932 3085 1129 3163 sequuntur,
1169 3083 1385 3165 suspicionem

237 3185 391 3270 carpinum,
406 3205 464 3252 res
486 3205 551 3253 nou
571 3184 619 3252 its
640 3190 748 3268 gestas
770 3205 851 3266 ease,
874 3185 1077 3254 sicutLivius
1099 3189 1249 3276 narrat⁹)
1294 3190 1383 3258 Haec

238 3293 347 3360 omnia
380 3293 464 3360 euim
499 3313 616 3376 magno
651 3293 821 3363 verborum
853 3294 1025 3378 splendore
1053 3302 1171 3364 oruata
1192 3304 1290 3382 atque
1312 3305 1385 3366 arte

239 3400 401 3468 rhetorica
424 3399 568 3484 expolita
599 3399 686 3466 inter
717 3399 951 3483 pulcherrimus
987 3403 1094 3486 operis
1115 3404 1240 3470 Iriviani
1274 3412 1387 3490 portes

239 3509 445 3589 referuntnr3
474 3511 574 3593 atque
596 3507 724 3573 videtur
746 3509 885 3593 scriptor
906 3531 945 3574 ex
966 3508 1028 3576 hac
1049 3513 1250 3596 manatione,
1274 3535 1386 3599 quam-

236 3637 334 3702 quam
372 3613 458 3681 omni
495 3615 662 3699 regionum
699 3615 885 3685 definitione
915 3621 949 3684 et
980 3637 1090 3684 rerum
1121 3619 1207 3685 inter
1229 3641 1265 3686 se
1298 3642 1382 3689 nexu

236 3730 335 3805 caret,
359 3725 452 3808 quasi
474 3722 626 3808 gandium
648 3723 810 3808 quoddam
832 3725 1017 3809 percepisse
1029 3727 1079 3812 ¹⁰).

309 3897 341 3962 8)
357 3893 480 3962 Accedit,
499 3893 572 3962 quod
590 3895 665 3950 locus
684 3911 740 3949 uon
758 3895 793 3950 ab
813 3896 889 3950 omni
911 3896 1036 3967 gravime
1054 3899 1211 3969 corruptele
1228 3905 1320 3970 vocam
1338 3883 1387 3958 'sio

236 4008 262 4046 c.
281 3991 325 4054 32,
345 3991 362 4043 2
380 4005 432 4059 pro
454 3987 527 4042 »lbi«
548 3988 627 4043 malis
645 4005 746 4043 nomen
764 3988 841 4044 urbis
859 3991 930 4062 legi3
957 3995 1066 4061 poteras
1085 3991 1119 4047 de
1141 3993 1220 4048 »Ide«
1240 3995 1284 4049 rel
1304 3996 1384 4050 »Ibe«

235 4082 278 4151 (ln.
297 4081 430 4148 xxvm,
448 4081 500 4145 21,
519 4081 547 4150 7)
566 4082 703 4154 sopitam
732 4082 815 4138 etism
833 4083 989 4156 Amtorgis,
1010 4103 1033 4142 c.
1053 4089 1103 4150 32,
1121 4089 1151 4149 5,
1182 4087 1223 4141 rel
1243 4089 1386 4161 Antcrges,

235 4194 260 4230 c.
272 4179 315 4245 32,
333 4191 390 4230 non
407 4178 502 4245 potest
519 4178 593 4230 recte
611 4173 725 4246 labem
743 4193 855 4246 prorsus
872 4182 1003 4248 corrupte
1015 4183 1080 4234 sunt
1097 4195 1120 4235 c.
1132 4183 1176 4250 33,
1195 4185 1275 4236 2-3.
1292 4183 1385 4238 Etiam

176 4323 180 4328 .
234 4268 308 4326 ratio
326 4267 506 4340 belligerandi
525 4285 550 4324 c.
569 4270 613 4336 32,
629 4271 702 4324 4-3
720 4274 749 4326 et
768 4273 811 4334 32,
834 4274 868 4326 10
884 4287 940 4326 non
958 4271 1131 4343 perspicitur.

306 4364 334 4433 9)
352 4363 394 4418 De
423 4361 633 4420 difficultatibus
657 4362 857 4436 chronologicis
885 4364 964 4422 huius
982 4366 1036 4422 loci
1054 4365 1103 4422 cir.
1122 4365 1155 4424 U.
1175 4369 1288 4436 Becker,
1316 4370 1385 4426 Vor-

235 4455 357 4512 arbeiten
375 4473 408 4510 su
426 4456 501 4510 einer
519 4453 684 4511 Gecchiclsts
702 4457 751 4512 des
776 4448 840 4513 iiten
858 4457 1007 4529 punischen
1025 4459 1140 4534 Kn'eges
1158 4460 1197 4529 (in
1216 4460 1385 4520 Dahlmanns

233 4549 427 4621 somuungen
442 4548 479 4618 11,
498 4547 542 4618 r);
560 4567 589 4620 p.
608 4553 762 4606 uun-114.

308 4643 353 4712 10)
371 4641 434 4701 Non
451 4641 509 4699 sine
527 4643 618 4713 aliqua
635 4644 757 4701 tentatis
774 4645 866 4717 specie
885 4644 1037 4716 Claudium,
1055 4645 1101 4716 qui
1120 4645 1236 4706 Annales
1249 4647 1385 4706 Acilianos
