3186 5322
695 359 736 422 33

202 529 327 616 ltaque,
342 548 425 612 quae
433 527 467 594 in
475 527 634 612 capitibus
649 528 715 594 Liv.
724 528 841 610 XXIX,
855 533 885 610 3,
899 531 989 593 6-6.
1006 528 1184 612 bexposita
1193 533 1280 610 sunt,

133 637 272 704 cundem
293 637 416 704 fontem
438 631 571 720 babent,
593 657 690 720 quem
721 637 756 703 in
786 635 883 702 rebus
905 635 1082 720 Hispaniae
1110 637 1281 704 narrandis

131 746 374 826 inveneramus,
403 743 524 810 fontem
558 764 667 810 rerum
701 743 987 829 geographicarum
1015 743 1098 810 bene
1130 745 1280 828 peritum,

132 851 450 936 Carthaginiensium
479 871 532 916 res
562 855 714 917 accurate
748 855 982 935 exponentem,
1019 851 1091 935 (cfr.
1124 851 1280 932 subsidia,

133 979 216 1044 quae
240 960 275 1027 L.
299 959 419 1039 XXIX,
441 964 479 1040 4,
511 963 530 1023 8
560 959 692 1044 Magoni
714 961 903 1043 mittuntur)
936 966 971 1026 et
1000 979 1102 1044 aeque
1123 959 1205 1026 bene
1227 979 1280 1026 res

134 1066 294 1134 Romanas
305 1065 502 1147 afferentem,
516 1071 616 1150 atque
637 1067 673 1132 in
694 1066 793 1132 rebus
816 1066 868 1132 vel
889 1065 1029 1132 minimis
1049 1087 1279 1150 cumeoquem

134 1176 211 1238 ante
232 1172 458 1254 habueramus,
481 1171 569 1238 fonte
591 1172 908 1239 consentientem-

220 1280 344 1347 Deinde
368 1281 404 1346 L.
422 1280 548 1362 XXIX,
571 1285 603 1363 6,
636 1283 651 1345 1
684 1281 764 1346 satis
787 1281 896 1364 inepte
909 1281 1066 1348 transitus
1081 1280 1120 1346 fit
1130 1280 1172 1346 ad
1180 1280 1277 1346 aliam

133 1409 203 1458 rem
232 1388 416 1474 fontemque
448 1409 582 1474 prorsus
618 1388 788 1455 diversum.
840 1389 969 1454 Etenim
999 1410 1071 1454 6666
1102 1387 1279 1456 Locrorum

133 1497 330 1582 expugnatio
352 1494 394 1562 ad
417 1516 466 1576 ea,
489 1517 572 1580 quae
594 1501 673 1560 ante
694 1495 884 1576 dictasunt,
908 1516 973 1562 nou
994 1497 1157 1562 videretur
1178 1497 1279 1579 perti-

133 1621 219 1682 nere,
232 1601 350 1682 Livius,
360 1603 522 1668 rationem
527 1599 749 1667 inveniendam
758 1605 861 1682 retus,
875 1613 940 1684 qua
949 1600 1008 1666 has
1017 1601 1222 1666 narrationes
1231 1600 1279 1665 di·

132 1704 333 1771 versissimas
353 1708 512 1789 jungeret,
545 1709 613 1772 tam
644 1703 843 1788 negligenter
865 1703 949 1788 egit,
969 1709 1007 1770 ut
1024 1704 1123 1770 alium
1158 1702 1278 1770 1661666

132 1807 284 1892 incipere,
303 1811 372 1893 jam
392 1806 467 1872 inde
487 1807 634 1873 concludi
656 1808 761 1891 possit
773 1805 824 1892 82).
858 1799 922 1874 Res
945 1811 1053 1874 autern
1067 1807 1154 1890 ipsa,
1167 1827 1278 1872 narra·

131 1915 180 1981 tio
203 1916 447 2000 expugnationis
471 1921 503 1981 et
525 1937 623 1982 causa
644 1915 834 1998 Plemminii,
857 1915 975 1983 fontem
1008 1937 1027 1978 a
1053 1920 1164 1982 nostro
1186 1935 1278 1999 pror-

131 2044 188 2090 sus
207 2023 452 2090 dissentientem
472 2023 614 2107 sapiunt.
670 2059 673 2062 ·
1149 2083 1155 2092 ,

221 2130 336 2198 Omnia
359 2133 445 2198 enim
465 2132 707 2199 accuratissime
728 2131 874 2215 exposita
896 2136 982 2212 sunt,
1006 2151 1045 2196 ac
1066 2131 1168 2198 multo
1186 2153 1278 2198 accu-

133 2240 237 2306 ratius
258 2239 400 2324 quidem,
423 2259 520 2323 quam
544 2240 616 2324 quis
638 2260 698 2323 pro
721 2239 768 2304 rei
790 2240 948 2323 gravitate
970 2244 1155 2322 exspectet3
1187 2239 1278 2325 flagi-

135 2347 182 2414 tia
203 2347 356 2431 praesidii
377 2347 531 2427 Romani,
560 2347 678 2428 XXIX,
707 2368 732 2412 c.
756 2351 786 2428 8,
811 2351 903 2414 6-c.
929 2350 990 2428 1⁰3
1013 2346 1132 2414 invidia
1154 2347 1196 2414 ob
1219 2348 1279 2416 bas

135 2475 189 2522 res
210 2455 333 2522 Romae
362 2455 396 2520 in
419 2454 600 2538 Scipionem
639 2460 713 2520 orta
743 2453 868 2536 XXIX,
895 2457 951 2530 16,
984 2458 1005 2520 4
1038 2454 1148 2522 multis
1170 2456 1278 2523 verbis

132 2567 346 2647 exponuntur,
369 2582 408 2626 ac
429 2561 557 2628 videtur
578 2561 649 2629 sons
671 2567 783 2628 noster
805 2581 845 2626 ex
866 2559 928 2626 boc
949 2561 1023 2627 odio
1044 2562 1078 2626 in
1097 2560 1276 2646 Scipionem

1 2693 10 2703 ·
133 2669 227 2754 quasi
241 2668 392 2753 gaudium
404 2667 567 2752 quoddam
578 2667 710 2752 cepisse.
732 2666 771 2731 L.
781 2666 899 2750 XXIX,
930 2671 1012 2749 lae
1028 2688 1055 2732 6.
1069 2671 1122 2749 20,
1138 2673 1275 2734 lete.—

131 2779 239 2860 Atque
260 2781 298 2842 ut
324 2777 358 2840 iu
381 2775 563 2840 universum
585 2773 626 2839 de
647 2774 704 2857 iis,
727 2795 810 2858 quae
833 2774 866 2838 in
888 2774 972 2840 libro
993 2774 1110 2856 XXIX,
1134 2780 1220 2842 6-8
1243 2785 1277 2844 et

131 2883 246 2966 XXIX,
262 2886 389 2950 16-23
402 2875 535 2949 narrata
558 2885 648 2962 sunt,
668 2878 867 2966 judicemus,
889 2881 1045 2948 nonnulla
1067 2882 1161 2950 nobis
1185 2884 1276 2951 inre-

131 2995 218 3072 nisse
240 2991 394 3072 ridemur,
418 3011 502 3074 quae
524 2988 609 3056 hunc
630 2989 752 3058 166666
775 2990 1103 3075 graecumluisseaut
1122 3013 1276 3076 graecum

130 3103 271 3187 aliquem
293 3105 439 3166 autorem
468 3103 612 3166 secutum
635 3119 707 3166 esse
728 3098 881 3164 iudicant.
925 3098 1068 3166 Primum
1101 3101 1186 3166 enirn
1210 3102 1274 3168 bis·

130 3210 288 3281 turianum
309 3227 497 3291 graecarum
512 3205 648 3300 ,videtur
677 3206 817 3288 perItus:
836 3205 958 3288 XXIX,
988 3227 1013 3272 6
1038 3211 1069 3288 8,
1096 3211 1115 3271 6
1139 3228 1275 3275 comme-

130 3321 268 3398 morat,¹
292 3312 449 3400 Pyrrhum
478 3319 613 3396 propter
648 3311 823 3396 spoliatum
853 3312 1068 3397 Proserpinae
1100 3313 1272 3382 Locrensis

129 3424 287 3507 templum
306 3421 452 3505 periisse,
475 3419 562 3503 quod
583 3419 616 3484 in
639 3418 925 3486 declamationibus
942 3419 1147 3502 ‚Graecorum
1172 3423 1275 3488 usita-

129 3537 199 3600 tum
233 3535 322 3612 erat,
356 3526 443 3614 quod
463 3525 585 3610 XXIX,
617 3528 668 3608 18,
693 3528 778 3590 2-6
801 3527 969 3610 repetitur.
1013 3527 1138 3594 Deinde
1159 3528 1273 3613 XXIX,

133 3643 184 3724 16,
211 3637 381 3718 1616666
405 3634 578 3702 nonnullae
607 3652 628 3698 a
648 3632 863 3702 Locrensibus
896 3636 929 3700 in
953 3635 1038 3704 bello
1060 3659 1131 3704 cum
1156 3636 1269 3705 Croto-

128 3749 227 3814 niatis
257 3751 369 3830 gestae
398 3751 430 3810 et
459 3741 650 3810 miraculum
684 3742 847 3826 quoddam
879 3743 1076 3826 afferuntur,
1106 3765 1189 3828 quae
1212 3747 1274 3812 nisi

131 3879 172 3924 ex
200 3874 318 3940 366666
347 3851 436 3920 Ionte
466 3852 500 3918 in
534 3852 661 3920 Livium
694 3852 880 3936 pervenisse
912 3871 976 3918 non
998 3853 1144 3936 putanda
1168 3860 1271 3920 erunt.

129 3963 254 4031 Deinde
277 3961 392 4043 XXIX,
417 3965 447 4042 9,
471 3963 491 4024 8
515 3960 623 4044 Scipio
646 3960 766 4026 dicitur
786 3961 943 4041 „Irenere“
956 3981 976 4026 a
989 3960 1138 4028 Messana
1150 3961 1272 4029 Locros

129 4073 283 4156 aduectus
306 4089 395 4151 esse,
418 4087 647 4155 quam·vocem
669 4087 817 4152 graecam
839 4066 964 4134 Livium
986 4069 1020 4133 in
1042 4068 1131 4135 fonte
1144 4089 1202 4134 suc
1224 4071 1271 4135 in-

129 4182 255 4248 venisse
277 4183 374 4264 puto;
397 4177 495 4244 etiam
518 4193 578 4242 vox
601 4175 767 4242 thensauri
789 4177 916 4261 saepius
932 4177 1072 4260 repetita
1093 4175 1216 4260 XXIX,
1240 4182 1270 4259 8,

199 4417 246 4486 32)
267 4413 459 4472 Lachmanuus
471 4430 580 4483 quoque
598 4418 761 4482 moserata
778 4414 850 4470 libro
868 4412 968 4476 XXIX,
983 4429 1006 4468 6.
1025 4415 1042 4468 6
1060 4412 1144 4468 alium
1167 4411 1272 4470 fontem

129 4510 264 4580 incipere,
282 4527 345 4565 nam
364 4507 453 4573 11,50
471 4507 535 4563 inde
552 4505 670 4564 maxime
688 4507 832 4577 Polybium
850 4505 974 4576 usurpari
991 4507 1070 4564 dixit.

968 4607 986 4666 3
