3186 5322
930 443 970 504 36

354 605 574 692 peditionibus
603 605 798 689 invenimus,
830 607 1014 676 cohaerent.
1076 609 1209 676 Accedit
1238 609 1345 678 aliud:
1378 613 1412 677 et
1443 629 1494 675 res
1584 685 1585 700 ¹

354 713 663 800 Carthaginiensium
697 722 848 782 accurate
876 720 983 785 autori
1013 719 1161 802 cognitae
1181 724 1273 799 sunt,
1304 718 1420 801 XXIX,
1443 723 1494 799 23,
1584 701 1585 732 ³

355 830 376 889 4
413 823 636 908 praesertim
687 830 721 890 et
768 825 927 910 Scipionis
981 826 1190 893 calliditatem
1236 826 1320 893 bene
1369 827 1494 893 eoderu-

355 953 418 1015 que
464 931 596 997 consilio
642 932 791 1015 exponit,
824 955 889 1017 quo
933 935 967 999 in
1012 934 1170 1000 seditione
1215 940 1396 1002 castrorum
1419 935 1493 1000 Suc·
1584 953 1585 988 3

355 1039 539 1105 renensium
565 1039 600 1103 L.
635 1039 750 1120 XXIX,
788 1045 848 1121 24,
873 1046 968 1106 2-7.
1014 1042 1182 1126 Polybium
1205 1046 1313 1108 autem
1335 1063 1400 1107 uon
1424 1061 1494 1108 esse
1584 1065 1585 1072 ¹

357 1148 479 1214 fontem
500 1169 573 1212 cum
594 1167 699 1212 rerum
724 1169 824 1214 nexus
847 1168 906 1232 per
928 1169 962 1214 se
985 1149 1117 1229 indicat,
1140 1155 1210 1215 tum
1232 1169 1316 1232 quae
1339 1171 1365 1214 c.
1388 1149 1492 1229 2411

355 1257 443 1316 -14
464 1251 506 1318 de
529 1251 672 1335 legendis
694 1251 850 1318 militibus
873 1272 912 1318 ex
934 1252 1114 1336 legionibus
1131 1252 1366 1335 Cannensibus,
1383 1253 1496 1337 quinta

353 1364 510 1439 etsexta,
534 1359 575 1426 de
597 1359 692 1426 sociis
716 1358 833 1432 Latini
846 1360 985 1426 nominis
1009 1381 1035 1428 c.
1059 1364 1111 1441 24,
1136 1362 1178 1424 14
1200 1359 1396 1441 afferuntur3
1418 1379 1495 1444 qua·

351 1469 395 1534 lia
417 1467 504 1552 apud
525 1467 695 1553 Polybium
717 1488 781 1532 non
805 1467 911 1534 solent
932 1467 1006 1551 legi.
1031 1505 1073 1518 -

439 1575 560 1641 Allatis
583 1575 808 1642 nonnullorum
832 1576 996 1642 annalium
1020 1575 1245 1660 discrepantiis
1266 1575 1304 1641 L.
1319 1575 1434 1655 XXIX,
1444 1579 1496 1655 25,
1584 1581 1585 1642 ]

354 1686 455 1761 l-4;
478 1682 625 1765 sequitur
647 1682 823 1766 descriptio
844 1684 1004 1749 transitus
1031 1684 1063 1748 in
1086 1682 1244 1750 Africam.
1298 1685 1406 1768 Atque
1435 1684 1497 1750 hac

353 1791 482 1876 quidem
515 1791 550 1856 in
573 1810 607 1855 re
631 1789 738 1856 Livius
761 1789 882 1856 iontem
904 1799 1059 1875 usurpat,
1081 1791 1240 1858 diversum
1264 1790 1306 1858 ab
1328 1811 1376 1871 eo,
1397 1811 1493 1876 quem

353 1919 381 1964 c.
406 1903 536 1964 23-24
568 1899 765 1981 inspexerat.
821 1898 882 1975 Qui
912 1898 969 1965 ubi
1003 1899 1154 1983 incipiat,
1182 1899 1323 1966 fortasse
1353 1899 1496 1966 dubitari

353 2007 476 2091 possit,
498 2007 575 2089 quia
596 2026 623 2070 5.
648 2007 689 2070 25
712 2026 789 2071 sane
812 2006 928 2090 aliquis
950 2006 992 2072 ad
1018 2007 1158 2090 priorem
1179 2007 1302 2074 1555515
1331 2008 1496 2090 pertinere

354 2114 451 2182 dicat.
497 2112 559 2178 Sed
582 2113 661 2179 mihi
683 2133 724 2178 ue
746 2133 773 2178 5.
797 2112 993 2198 tequidem
1015 2135 1086 2180 cum
1109 2135 1148 2180 eo
1170 2114 1298 2181 uidetur
1312 2115 1496 2197 cohaerere,

359 2242 431 2286 cum
454 2227 589 2304 propter
611 2219 693 2285 alias
714 2221 869 2302 rationes,
892 2225 962 2285 tum
983 2221 1060 2304 qnia
1082 2220 1247 2286 annalium
1270 2221 1497 2304 discrepantiis

354 2329 495 2410 additis,
516 2328 626 2395 Livius
648 2329 720 2412 ipse
742 2329 836 2413 quasi
857 2349 972 2395 novam
994 2335 1121 2412 partem
1147 2329 1226 2394 oriri
1248 2328 1382 2395 indicat.
1431 2329 1493 2395 De·

355 2437 431 2504 inde
458 2454 534 2503 vero
570 2457 597 2501 c.
628 2439 686 2516 25,
722 2440 762 2500 10
791 2435 908 2501 dicitur
936 2435 980 2500 M.
1008 2435 1142 2502 Porcius
1170 2435 1303 2520 Oato⁸⁵)
1341 2441 1497 2521 quaestor

356 2543 517 2628 Scipionis
563 2542 680 2622 fuisse3
723 2543 757 2608 in
800 2543 841 2609 iis
884 2547 1013 2624 autem,
1066 2563 1149 2627 quae
1187 2548 1382 2627 sequnntur,
1414 2564 1496 2610 nun·

353 2673 451 2738 qnam
464 2650 547 2716 Cato
558 2649 701 2730 affertur,
717 2650 772 2717 sed
788 2651 968 2734 legimusL.
980 2650 1081 2733 XXX,
1106 2654 1157 2733 33,
1181 2650 1356 2717 lbaelium
1377 2671 1498 2734 quaes-

352 2766 457 2828 torem
478 2759 598 2824 factum
622 2780 693 2825 esse
715 2763 814 2843 atque
836 2763 929 2823 extra
953 2758 1099 2824 ordinem
1121 2758 1262 2842 quidem,
1275 2758 1362 2843 quod
1375 2760 1498 2842 optime

353 2891 424 2934 eum
437 2868 642 2946 eooonvenit,
655 2867 741 2951 quod
761 2866 961 2933 Plutarchus
986 2867 1067 2934 Cato
1089 2888 1116 2948 c,
1139 2871 1168 2948 3,
1191 2871 1211 2932 8
1231 2865 1500 2947 habet,b1.Por-

356 2979 439 3042 cium
463 2997 482 3040 a
505 2975 612 3040 Sicilia
634 2974 767 3040 Romam
791 2975 943 3057 rediisse,
965 2979 1070 3060 neque
1095 2995 1167 3040 eum
1189 2973 1338 3058 Scipione
1349 2975 1383 3039 in
1407 2975 1497 3042 Afri·
1584 3021 1585 3024 κ

351 3105 422 3150 cam
455 3103 524 3148 esse
537 3082 726 3167 profectum.
763 3082 849 3148 Fons
877 3088 991 3150 eontra
1022 3083 1136 3167 capitis
1154 3083 1195 3149 25
1203 3081 1276 3148 ·Liv.
1284 3082 1441 3150 Catonern
1462 3083 1499 3150 iu
1584 3115 1585 3130 1

353 3191 497 3256 Africam
529 3189 821 3272 transgredientem
852 3190 947 3269 facit‚·
981 3194 1037 3272 25,
1071 3192 1122 3254 10.
1166 3188 1238 3254 Diei
1259 3195 1366 3255 autem
1389 3188 1499 3272 debet,

358 3300 491 3379 Livium,
516 3299 599 3364 siin
622 3297 732 3380 fonte,
756 3319 851 3381 quem
872 3300 905 3363 in
928 3298 1087 3382 Scipionis
1110 3297 1312 3382 expeditione
1333 3298 1500 3364 narranda
1584 3349 1585 3354 1

355 3407 485 3474 secutus
509 3411 568 3488 est,
591 3407 734 3490 legisset,
758 3405 914 3472 Catonem
936 3428 976 3472 ex
998 3406 1129 3488 Africa,
1152 3427 1216 3470 non
1239 3427 1280 3471 ex
1302 3405 1498 3475 8151115155-

352 3522 424 3580 tnm
456 3514 591 3578 Romam
620 3512 771 3593 rediisse,
802 3513 863 3578 hoc
893 3519 1028 3597 propter
1056 3511 1308 3596 magnitudinem
1339 3513 1400 3578 viri
1432 3535 1499 3580 non

353 3621 453 3687 fuisse
484 3621 687 3686 omissurum.
738 3620 855 3704 Itaque
885 3619 1013 3685 videtur
1044 3637 1120 3684 sane
1150 3617 1223 3684 fons
1245 3620 1360 3702 capitis
1384 3623 1425 3684 25
1449 3642 1497 3704 sq.

355 3728 570 3796 a'Plutarcbo
598 3728 786 3809 dissentire,
821 3727 893 3793 fons
927 3746 1052 3805 eorum,
1088 3743 1171 3808 quae
1203 3730 1400 3809 sequuntur,
1423 3748 1500 3795 eon·

355 3837 485 3904 sentire.
767 3893 770 3900 .

443 3943 527 4010 Tum
541 3963 617 4008 uero
639 3965 666 4009 5.
688 3946 751 4024 25,
778 3947 816 4010 12
837 3941 982 4026 legimus,
1015 3939 1199 4026 Scipionem
1232 3940 1427 4024 imperasse,
1461 3944 1498 4006 ut

353 4073 452 4120 naves
474 4051 629 4135 Emporia
660 4049 841 4116 tenderent·
885 4071 913 4115 5.
934 4054 987 4128 27,
1012 4052 1053 4115 13
1077 4056 1185 4116 antem
1206 4048 1293 4133 apud
1314 4053 1498 4132 promonto·
1584 4097 1585 4140 3

354 4163 439 4227 rium
461 4160 632 4226 Pulchrum
654 4159 688 4223 in
710 4164 833 4226 terram
853 4157 1055 4237 escenditur;
1077 4179 1183 4243 neque
1204 4158 1333 4226 omniuo
1356 4156 1498 4240 additur,

356 4291 452 4354 quem
474 4270 508 4332 15
529 4273 676 4352 portum,
699 4287 803 4350 neque
825 4288 882 4334 cur
903 4288 969 4333 non
990 4267 1145 4351 Emporia
1168 4266 1388 4350 pervenerint,
1412 4263 1499 4350 quod
1584 4293 1585 4298 ¹

490 4370 505 4399 0

430 4504 475 4570 35)
494 4501 548 4557 Gir.
571 4502 607 4558 Η.
636 4503 733 4574 Peter,
768 4503 796 4557 iu
827 4504 986 4573 quaestions
1011 4502 1046 4557 de
1076 4502 1133 4558 vite
1156 4500 1296 4558 Plutarchi
1332 4498 1441 4554 Catonis
1471 4517 1500 4569 p.
1584 4505 1585 4516 ¹

354 4594 472 4648 89-93.
1401 4621 1402 4628 κ
1584 4589 1585 4604 ’
