3186 5322
132 503 284 589 legiones,
305 502 458 588 quaesub
475 503 629 572 Marcello
652 504 815 590 stipendia
835 502 987 587 fecefint,
1020 506 1128 574 Livius
1151 508 1272 594 signifi.

128 618 197 693 cst,
229 612 421 696 praesertim
448 634 521 679 cnm
530 613 691 696 LXXVI,
705 618 763 695 28,
789 617 829 678 10
838 611 984 679 Marcelli
1006 614 1125 681 milites
1148 615 1271 687 dimissi

127 719 201 784 sint.
251 719 367 803 ltaque
393 720 522 786 ridetur
551 720 622 787 lons
647 721 703 787 isse
724 722 943 806 discrepantia
976 721 1019 788 ab
1051 723 1093 790 iis
1124 743 1269 805 umaro,

127 845 211 908 qnae
232 826 266 891 in
288 827 452 910 prioribus
474 827 567 892 libris
590 829 771 912 perscripta
792 834 903 907 erant,
936 849 1041 912 neque
1071 830 1174 912 magis
1197 851 1269 896 oum

125 932 166 998 iis
188 935 395 1014 conveniunt,
418 955 502 1018 quae
524 941 715 1018 sequuntur.
759 934 846 1001 Nam
868 934 925 1000 ubi
946 934 1053 1019 Scipio
1075 936 1109 1002 in
1131 936 1271 1002 Atrinum

125 1043 322 1124 trsJecturus
333 1041 473 1124 legiones
487 1042 626 1126 inspicit,
638 1041 674 1106 L.
686 1041 801 1125 XXIX,
819 1045 958 1124 12-13,
981 1042 1070 1110 solae
1084 1041 1269 1112 cannenses
1284 1113 1285 1117 ,

125 1147 267 1232 legiones
297 1149 382 1232 apud
407 1169 480 1214 enm
503 1150 728 1232 inveniuntnr3
751 1151 791 1216 de
814 1150 930 1235 quibus
956 1151 1068 1218 eadem
1090 1149 1157 1218 iere
1186 1169 1270 1236 quse

127 1253 537 1338 hoclocoL.XXIX,1,12
560 1257 799 1341 praedicantur.
844 1259 960 1342 Itaque
982 1256 1071 1338 lons,
1095 1279 1192 1342 quem
1213 1259 1268 1326 Li·

125 1359 196 1426 vius
215 1358 278 1446 hoc
300 1360 370 1428 loco
393 1361 540 1444 sequitur
561 1381 666 1448 neque
688 1383 761 1428 cum
782 1361 822 1426 iis
843 1381 926 1446 quoe
948 1361 1270 1447 antecessorumque

124 1487 198 1534 oum
219 1468 363 1551 linquae
385 1474 564 1552 sequuntur
585 1468 668 1534 bene
678 1469 827 1554 conjungi
838 1473 969 1552 pctest;
989 1467 1129 1539 fortusse
1140 1468 1183 1534 ud
1195 1490 1268 1538 oum

123 1576 283 1658 pertinet,
307 1576 362 1660 qui
384 1597 437 1642 res
458 1576 666 1662 Locrensium
688 1577 804 1659 XXIX,
828 1580 914 1642 6-8
937 1582 998 1644 etc.
1022 1577 1268 1658 narravitmum

123 1688 260 1766 utroque
276 1682 347 1750 loco
363 1703 413 1750 res
425 1683 624 1752 Graecorum
646 1685 680 1750 in
702 1683 811 1752 Sicilia
832 1691 866 1750 et
887 1683 1169 1768 ItelinaScipione
1184 1684 1268 1752 ordi-

122 1798 219 1858 natae
251 1795 466 1874 exponuntur,
488 1813 515 1856 c.
541 1794 575 1873 1,
600 1794 746 1873 15-18ς
768 1797 912 1858 stanter
934 1813 1041 1858 rerum
1050 1791 1268 1876 Locrensium,

122 1918 148 1964 c.
173 1901 225 1977 22,
251 1899 291 1961 12
314 1896 418 1977 effert,
441 1895 582 1982 Scipioni
603 1899 793 1981 permissum
816 1905 943 1980 esseut
958 1900 1050 1964 exiis
1065 1899 1268 1982 exercitibus,

121 2006 177 2088 qui
208 2006 242 2072 in
273 2005 382 2072 Sicilie
404 2013 522 2088 essent,
545 2005 662 2072 milites
685 2006 828 2091 eligeret,
851 2007 935 2091 quod
960 2028 1061 2092 aeque
1088 2029 1161 2074 cum
1193 2030 1266 2075 nos·

120 2119 173 2180 tro
194 2113 265 2180 loco
288 2116 459 2194 consentit,
482 2115 585 2181 acab
609 2119 662 2196 28,
685 2120 739 2195 45,
766 2119 804 2179 13
827 2120 887 2180 etc.
911 2115 1070 2182 dissentit.

209 2220 298 2300 Quae
321 2222 437 2288 deiude
459 2221 580 2304 XXIX,
605 2225 643 2304 1,
668 2225 793 2304 19-3,
828 2227 846 2286 5
876 2222 916 2288 de
937 2224 1172 2296 rebellantibus
1193 2223 1265 2290 His·

121 2330 214 2411 penis
236 2328 345 2396 Livius
368 2330 487 2409 hebet,
509 2330 552 2396 ud
574 2330 709 2396 eundem
731 2329 875 2411 fontem,
903 2351 999 2414 qoem
1030 2337 1128 2400 antec
1157 2333 1189 2397 in
1214 2331 1265 2398 his

122 2437 250 2519 populis
273 2439 451 2520 usurpavit,
477 2436 647 2504 referenda
670 2457 740 2506 esse
763 2437 1129 2522 eliquisdicerepossit3
1153 2460 1264 2523 quam·

119 2565 217 2628 quem
239 2565 297 2612 uos
320 2551 444 2614 certum
464 2546 621 2630 judicium
645 2567 710 2614 non
732 2545 875 2614 serimus.
918 2546 1047 2614 Etenim
1069 2568 1142 2614 cum
1155 2547 1264 2618 Livius

119 2649 265 2734 XXVIII,
291 2656 342 2734 38,
368 2655 383 2719 l
409 2651 590 2737 Scipionem
622 2674 661 2719 ex
690 2653 855 2737 provincia
888 2652 1094 2722 decedentem
1121 2653 1158 2722 L.
1180 2653 1262 2720 Len,-

121 2761 191 2827 tulo
213 2767 247 2826 et
277 2761 314 2826 L.
345 2759 478 2827 Manilio
507 2761 657 2830 Acidalio
686 2760 934 2846 proconsulibus
965 2762 1134 2846 imperium
1165 2761 1264 2828 trudi-

117 2870 204 2936 disse
227 2874 404 2948 narrasset,
427 2867 504 2934 dum
526 2867 678 2953 Polybius
701 2866 809 2934 Silano
833 2867 946 2934 datum
964 2889 1033 2934 esse
1049 2866 1151 2950 dixit,
1174 2872 1272 2934 recte·

117 2977 178 3044 hoc
199 2975 284 3042 libro
328 2974 443 3058 XXIX,
468 2980 505 3057 2,
539 2978 555 3043 l
589 2975 686 3042 iidem
719 2975 875 3041 Lentulus
897 2985 931 3041 et
951 2974 1102 3042 Manilius
1124 2996 1262 3059 procon-

115 3083 201 3150 sules
223 3082 381 3148 nominati
400 3089 476 3149 sunt
497 3081 535 3149 L.
557 3082 673 3166 XXIX,
698 3085 727 3164 1,
752 3087 893 3148 25-16,
937 3082 1130 3148 Mandonius
1154 3087 1188 3148 et
1208 3081 1263 3148 In·

115 3190 223 3258 dibilis
253 3190 458 3271 Ausetanos,
488 3189 668 3256 Sedetanos
698 3188 778 3256 alios
806 3188 943 3272 populos
973 3189 1134 3270 excitant,
1162 3193 1261 3272 atque

115 3299 149 3364 in
170 3319 250 3382 egro
272 3296 506 3364 Sedetanorum
530 3297 732 3378 conueniunt,
755 3295 812 3362 ubi
835 3297 933 3363 etism
955 3295 992 3362 L.
1005 3295 1152 3379 XXVIII,
1170 3299 1222 3378 31,
1241 3301 1259 3360 7

115 3406 236 3472 stativs
256 3404 449 3488 habuerant,
472 3409 505 3472 et
527 3424 623 3489 quem
645 3403 681 3470 Ir.
704 3403 850 3485 XXVIII,
874 3407 926 3486 24,
951 3406 970 3467 3
993 3404 1134 3487 primu-m
1155 3424 1259 3487 popu·

114 3513 173 3580 lati
196 3519 299 3580 erant.
353 3513 460 3580 Etiam
495 3514 532 3579 L.
554 3513 680 3594 XXIX,
704 3518 735 3595 2,
769 3517 787 3578 5
817 3518 906 3579 recte
929 3511 1082 3597 Hergetes
1112 3511 1260 3579 Indibilis

113 3623 286 3708 populares
309 3619 469 3688 dicuntur.

201 3729 313 3814 Neque
346 3751 423 3796 vero
444 3729 525 3796 haec
546 3749 588 3795 ex
619 3729 753 3814 Polybio
784 3729 956 3813 desumpta
985 3734 1068 3795 snut.
1111 3727 1255 3792 Primum

117 3838 202 3904 enim
224 3836 318 3902 valde
347 3836 561 3903 dubitandum
583 3837 661 3917 erit,
684 3858 762 3902 num
783 3835 839 3902 illo
861 3841 929 3902 tum
950 3840 1101 3901 accurate
1123 3834 1182 3900 has
1204 3855 1257 3902 res

117 3945 315 4026 numererit3
345 3944 432 4029 quod
460 3944 488 4009 si
507 3941 601 4028 lecit,
625 3944 677 4010 vix
697 3944 760 4010 hoc
781 3944 851 4010 loco
874 3943 988 4010 iecisse
1009 3941 1174 4028 putandus
1196 3947 1257 4008 est.

112 4051 196 4119 Tum
213 4073 290 4120 vero
303 4053 543 4137 ipsiuspugnae
566 4052 739 4138 descriptio
762 4051 892 4117 minime
914 4057 966 4118 est
980 4049 1167 4136 Polybiane
1192 4049 1257 4116 No·

109 4161 275 4228 minentur·
297 4181 324 4228 c.
336 4162 365 4242 2,
389 4165 410 4228 8
433 4167 465 4228 et
491 4165 530 4226 10
552 4160 621 4226 Ser.
644 4160 828 4237 Cornelius,
850 4159 1000 4225 tribunus
1022 4157 1177 4240 militum3
1200 4178 1256 4224 no·

108 4265 277 4333 minentur
302 4267 428 4332 numeri
451 4265 614 4350 legionum
635 4285 662 4330 o.
687 4269 717 4344 2,
743 4266 859 4329 9-10.
883 4262 1009 4330 Deinde
1030 4282 1057 4330 c.
1082 4266 1112 4344 2,
1142 4261 1257 4328 141114

110 4372 219 4440 dibilis
252 4394 324 4444 oum
355 4375 502 4458 equitatu
532 4377 609 4439 ante
638 4373 743 4456 prima
767 4372 861 4456 signu
891 4392 926 4438 se
948 4370 1103 4456 objecisse
1126 4369 1255 4449 dicitur,

110 4481 167 4548 sed
196 4483 230 4549 in
262 4480 368 4548 medio
398 4487 470 4547 erat
498 4500 607 4569 pogna
635 4479 796 4568 pedestris
817 4503 846 4547 c.
868 4483 900 4562 2,
925 4481 1054 4562 9-11;
1082 4476 1254 4546 intervella
