3186 5322
837 333 880 394 44

287 499 592 568 nalibusortasunt.
614 501 695 568 Nam
704 501 771 568 Liv.
781 501 881 583 XXX,
906 505 958 585 17,
981 500 1088 568 21000
1101 507 1211 570 noster
1222 501 1326 572 bonus
1338 505 1430 589 dixit,

287 608 453 675 decretum
475 629 567 686 esse,
593 613 630 673 01
652 608 780 674 Laelius
802 607 922 674 Romae
944 609 1158 691 retineretur,
1189 607 1266 677 dum
1291 611 1430 678 Cartha-

287 715 479 800 giniensium
502 715 602 800 legati
624 716 786 798 venirent,
809 717 895 782 unde
916 722 1070 800 apparet,
1094 737 1148 782 eos
1168 721 1236 803 jam
1269 740 1340 786 esse
1375 741 1429 786 ex·

289 829 469 909 spectatos,
492 829 605 889 contra
626 823 726 905 XXX,
749 826 802 905 21,
826 827 864 890 11
890 823 1000 890 Laelio
1022 823 1153 889 dimisso
1175 824 1274 909 legati
1294 825 1430 894 Cartba-

288 932 479 1016 giniensium
500 953 540 998 ex
560 931 752 1015 improviso,
775 937 813 996 ut
833 931 970 1007 ridetur,
992 929 1185 1013 adveniunt,
1218 931 1347 999 Laelius
1371 955 1427 1000 au·

288 1044 355 1104 tem
367 1059 407 1104 ex
419 1038 535 1105 itinere
548 1043 733 1104 revocatur.
756 1037 880 1103 Deinde
894 1037 992 1119 XXX,
1003 1043 1065 1118 22,
1084 1043 1099 1102 1
1114 1038 1269 1123 legimus,
1305 1039 1430 1125 legatos

287 1145 422 1212 eandem
444 1143 513 1210 fere
533 1145 723 1225 orationem,
744 1165 842 1228 quam
864 1144 952 1228 apud
966 1142 1148 1228 Scipionem
1155 1145 1322 1229 habuisse3
1345 1167 1428 1231 quae

286 1254 315 1320 si
337 1253 410 1337 quis
431 1273 490 1336 per
512 1270 548 1318 se
569 1251 815 1336 contempletur,
832 1252 1017 1319 necessario
1039 1252 1167 1334 credet,
1190 1253 1319 1320 eosdem
1341 1255 1428 1339 lega·

291 1365 343 1426 tos
366 1359 548 1444 significari,
571 1360 628 1444 qui
651 1359 693 1424 ad
716 1358 897 1442 Scipionem
908 1358 1063 1440 LXXX,
1088 1364 1147 1441 16,
1172 1361 1293 1426 2001001
1320 1367 1427 1444 00001,

287 1468 345 1533 001
367 1467 447 1534 alios
469 1487 540 1546 esse
562 1471 699 1551 apparet
723 1487 769 1532 ex*
784 1463 893 1548 XXX,
928 1470 980 1548 22,
1005 1471 1040 1549 5,
1074 1467 1131 1533 ubi
1154 1488 1266 1534 omnes
1295 1472 1428 1554 juvenes

287 1574 387 1640 luisse
417 1575 577 1642 dicuntur.
620 1573 672 1639 otd
706 1573 888 1656 Scipionem
921 1593 997 1641 vero
1027 1576 1264 1642 sanctissimum
1288 1569 1425 1646 Cartba-

289 1683 478 1767 giniensium
502 1681 667 1748 consilium
687 1688 837 1762 venerat,
867 1682 900 1748 id
924 1687 975 1749 est
996 1703 1090 1750 senes
1125 1683 1162 1748 L.
1185 1684 1292 1766 XXX,
1323 1689 1373 1767 16,
1397 1691 1427 1752 3.

287 1791 437 1856 Editores
460 1790 590 1875 quidem
612 1791 736 1857 Livium
757 1790 929 1857 defendere
950 1791 1428 1888 student31edhancdiotio-

285 1917 359 1964 nem
380 1898 495 1965 saltem
517 1899 701 1984 ambiguam
723 1919 795 1966 esse
817 1904 971 1983 apparet,
997 1917 1100 1983 neque
1120 1900 1228 1966 Livius
1250 1921 1385 1984 prorsus
1408 1923 1429 1968 0

286 2002 467 2090 suspicione
489 2003 621 2070 liberari
651 2007 769 2086 potest,
820 2004 882 2070 sibi
904 2005 1098 2088 repugnatio
1129 2007 1319 2072 narravisse.
1364 2005 1429 2072 Sed

285 2111 385 2177 etiam
406 2111 512 2194 ipsum
535 2111 689 2178 narrandi
712 2131 812 2195 genus
832 2110 972 2192 indicat,
1006 2112 1087 2177 haee
1116 2113 1225 2197 oapita
1259 2113 1315 2178 alii
1346 2113 1427 2179 fonti

286 2218 414 2300 deberi,
438 2239 534 2302 quam
558 2219 614 2302 qui
635 2219 669 2286 in
691 2218 789 2286 rebus
811 2217 940 2284 Africae
969 2224 1163 2302 usurpatum
1196 2224 1296 2304 atquo
1328 2221 1428 2288 etiam

285 2326 384 2409 XXX,
408 2331 460 2410 24,
485 2331 570 2391 1-4
592 2326 633 2393 ad
657 2326 790 2393 annales
812 2326 982 2410 pertinere.
1007 2363 1049 2376 «-

370 2433 494 2502 Deinde
516 2457 591 2503 vero
613 2436 713 2516 XXX,
737 2439 797 2518 24,
828 2439 846 2499 5
869 2435 979 2501 Livius
993 2434 1080 2501 redit
1111 2435 1153 2501 ad
1184 2435 1306 2502 fontem
1327 2436 1428 2519 XXX,

290 2545 328 2606 11
352 2542 523 2610 desertam.
567 2543 614 2609 Ao
638 2543 786 2628 Polybius
809 2541 950 2626 quidem,
973 2543 1030 2625 qui
1050 2541 1091 2607 de
1105 2561 1344 2608 summarorum
1356 2563 1428 2608 oum

284 2647 375 2715 Livio
397 2650 568 2731 consentit,
590 2649 694 2732 affert,
717 2651 843 2735 legatos
865 2671 885 2716 0
907 2647 1055 2732 Scipione
1070 2647 1297 2734 Carthaginem
1314 2650 1428 2717 missos

285 2777 394 2822 eoram
418 2763 533 2824 senatu
556 2763 591 2824 et
612 2757 698 2841 apud
722 2757 875 2841 populum
897 2755 997 2822 verba
1018 2755 1142 2839 1001000,
1155 2757 1429 2842 nimiaqueliber·
1520 2793 1523 2800 ·

285 2867 355 2929 tate
387 2867 542 2948 utrosque
573 2863 761 2931 irritavisse.
807 2863 946 2932 Senatus
975 2862 1077 2947 igitur
1106 2863 1210 2930 iratus
1241 2885 1297 2931 eos
1329 2865 1428 2932 inter·

284 2971 386 3036 imore
415 2972 504 3054 0011,
543 2992 583 3038 ac
611 2971 686 3038 dum
713 2993 772 3057 per
805 2971 944 3055 speciem
988 2971 1124 3038 navibus
1158 2972 1288 3039 domum
1319 2991 1429 3056 prose·

285 3080 406 3164 quitur,
430 3080 512 3146 clam
532 3079 734 3147 Hasdrubali
755 3079 923 3164 praecipit,
947 3084 985 3144 ut
1006 3099 1062 3144 eos
1085 3080 1324 3164 aggrederetur,
1341 3079 1429 3165 quod

285 3187 341 3255 ille
363 3188 525 3256 nonnullis
555 3189 742 3256 triremibus
775 3187 881 3252 missis
909 3205 1013 3271 prope
1039 3185 1158 3254 flumen
1179 3185 1312 3254 Macran
1340 3187 1428 3256 10011.

284 3293 403 3361 Omnes
424 3295 491 3363 lere
508 3295 645 3363 Romani
666 3297 845 3376 intereunt;
868 3294 931 3377 ipsi
951 3293 1053 3378 legati
1071 3301 1305 3362 0000000100-
1325 3295 1429 3363 Paulo

284 3402 382 3470 aliter
414 3402 538 3486 Livius,
584 3404 640 3488 qui
673 3403 769 3469 dicit:
801 3401 958 3486 Legatos,
997 3401 1053 3485 qui
1086 3403 1216 3469 omnino
1247 3403 1428 3469 orationem

287 3531 351 3577 non
373 3511 567 3595 babuerunt,
591 3515 725 3597 propter
745 3509 857 3594 populi
879 3509 1020 3575 10000000
1045 3530 1067 3575 0
1089 3514 1203 3576 senatu
1224 3511 1368 3594 petiisse,
1392 3516 1429 3578 ut

285 3619 421 3686 navibus
451 3642 487 3687 se
519 3627 802 3705 prosequerentur.
848 3617 918 3696 Quo
940 3617 1026 3684 lacto
1056 3637 1127 3683 cum
1155 3618 1198 3683 ad
1218 3617 1339 3684 flumen
1359 3619 1428 3685 Ba-

286 3727 422 3812 gradam
438 3729 670 3813 pervenissent,
694 3728 736 3793 ab
769 3725 977 3794 Hasdrubale
1010 3725 1115 3792 tribus
1145 3726 1429 3811 quinqueremibus

284 3837 425 3920 impetus
446 3838 479 3902 in
501 3857 558 3903 eos
580 3836 638 3917 fit3
669 3833 791 3916 addito,
827 3834 961 3902 dubium
992 3855 1078 3916 esse,
1112 3840 1220 3900 utrum
1243 3833 1429 3902 Hasdrubal

285 3944 409 4030 injussu
431 3947 562 4009 senatus
585 3941 707 4024 lecerit,
731 3955 840 4008 neone.
884 3941 1004 4008 Omnes
1027 3947 1135 4007 autem
1159 3939 1333 4008 incolumes
1356 3961 1428 4010 era-

286 4053 382 4134 dunt,
416 4051 507 4118 naris
545 4056 671 4118 tantum
699 4054 827 4138 jactura
859 4049 956 4117 lacte.
1000 4047 1068 4116 Liv.
1102 4049 1202 4131 XXX,
1226 4053 1285 4131 25,
1311 4053 1426 4116 1-10,

285 4161 375 4227 Ηο00
394 4160 494 4244 igitur
515 4159 603 4243 apud
625 4165 798 4245 utrumque
821 4159 1014 4243 scriptorem
1036 4159 1070 4224 in
1091 4158 1274 4224 0010000000
1298 4157 1428 4242 quidem

284 4268 381 4336 simili
404 4267 498 4334 modo
523 4275 717 4353 narrantur,
745 4268 801 4336 sed
824 4268 852 4335 01
875 4267 1018 4352 singulas
1041 4287 1093 4332 res
1115 4270 1262 4350 spectes,
1297 4285 1429 4349 prorsus

285 4378 413 4444 diversa
435 4383 520 4447 sunt.
1406 4375 1410 4384 '
