3186 5322
770 339 856 413 30,

224 511 307 592 sint,
332 530 397 576 non
417 507 558 576 additur.
602 507 663 573 Est
696 508 796 594 igitur
826 515 894 574 tam
921 509 1002 575 exile
1034 515 1068 574 et
1088 512 1187 575 tenue
1215 491 1370 574 sumendi

225 637 346 704 genus,
378 620 415 682 ιιι
447 636 519 681 cum
542 635 580 681 eo
605 613 704 695 fonte,
716 635 810 704 quem
834 636 934 699 supra
955 615 1149 697 invenimus,
1172 613 1369 682 nullomodo

224 723 413 808 comparari
428 723 532 807 possit
546 719 596 806 ⁸⁰).

300 831 430 914 Itaque
452 827 479 896 si
502 829 544 894 ad
570 849 608 894 ea
630 827 835 912 respicimus,
859 850 943 913 quae
966 829 1006 896 de
1027 830 1126 896 rebus
1144 849 1169 895 'a
1190 829 1223 896 P.
1245 824 1370 916 (lorne-

224 939 269 1004 lio
291 937 439 1020 Scipione
461 937 494 1001 in
517 933 677 1020 Hispania
698 935 797 1018 gestis
815 942 1002 1018 narrantur,
1014 936 1248 1021 profitebimur,
1262 935 1371 1002 omnia

225 1046 282 1113 uni
303 1046 385 1112 fonti
406 1044 528 1122 deberi,
554 1044 634 1110 satis
658 1043 744 1110 bono
767 1043 936 1130 dignoque,
957 1065 1052 1130 quem
1074 1043 1183 1110 Livius
1205 1050 1369 1128 sequatur.

226 1153 316 1220 Idem
337 1173 412 1244 vero
437 1149 508 1218 lons
533 1149 706 1236 ePolybio
730 1158 905 1236 usurpatus
929 1157 988 1234 est,
1013 1151 1096 1219 unde
1119 1157 1273 1240 apparet,
1297 1173 1371 1218 eum

223 1259 485 1328 nonmultum'ab
500 1265 606 1326 aetate
614 1258 690 1325 belli
702 1259 814 1324 Punici
823 1258 954 1326 distare.
968 1259 1080 1326 -Sed
1091 1258 1240 1324 haeohec
1253 1263 1348 1324 tenus
1362 1280 1370 1339 3

223 1373 290 1456 jum
313 1373 518 1435 transeamus
541 1367 582 1434 ed
605 1368 741 1434 alteram
765 1369 962 1453 quaestionis
976 1390 997 1435 s
1011 1369 1104 1435 nobis
1116 1369 1286 1434 institutae
1296 1389 1370 1452 par·

226 1481 292 1543 tem
317 1481 415 1560 atque
438 1474 692 1559 contemplemur
714 1475 933 1542 narrationem
956 1495 1065 1541 rerum
1086 1477 1120 1540 in
1143 1473 1286 1540 Africae
1305 1473 1371 1540 Scl-

226 1585 322 1668 piene
344 1589 520 1668 gestarum.

312 1691 350 1757 In
371 1690 455 1756 libro
478 1689 579 1775 igitur
600 1689 721 1772 XXIX,
746 1710 817 1755 oum
839 1689 965 1756 nullum
987 1691 1203 1776 fragmentum
1224 1689 1371 1776 Polybia-

225 1821 302 1866 num
325 1803 443 1880 exstet,
466 1797 553 1882 quod
576 1819 647 1863 oum
672 1795 761 1864 Livio
775 1799 954 1881 comparari
968 1799 1083 1884 possit,
1097 1799 1294 1883 pedetentim
1310 1800 1373 1866 erit

230 1904 513 1990 progrediendum.
556 1903 620 1969 Sed
649 1924 721 1970 cum
755 1924 794 1969 ea
816 1903 959 1970 Nissenii
987 1905 1191 1989 aliorumque
1213 1906 1374 1972 sententio

226 2013 373 2080 rideatur
393 2012 539 2096 proxime
561 2010 603 2076 ad
626 2011 795 2077 veritatem
818 2010 991 2092 accedere,
1013 2031 1096 2094 quae
1117 2008 1245 2078 Livium
1266 2013 1298 2078 in
1322 2033 1373 2078 so·

229 2121 268 2187 lis
291 2121 388 2187 rebus
411 2119 567 2185 Graeciae
577 2118 747 2184 narrandis
771 2138 868 2203 opere
892 2118 1065 2204 Polybieno
1088 2141 1181 2186 usum
1204 2139 1274 2186 esse
1297 2141 1373 2188 eon-

228 2229 342 2310 teniit,
365 2229 476 2294 statim
500 2227 541 2294 ab
564 2228 659 2293 initio
681 2247 747 2293 non
769 2227 939 2293 verisimile
952 2227 1089 2312 ridetur,
1112 2228 1145 2292 in
1166 2226 1262 2294 rebus
1285 2227 1373 2294 Afri-

229 2357 285 2429 cae
307 2335 376 2402 font
362 2342 428 2402 tem
451 2334 692 2420 Polybiannm
683 2333 818 2399 inveniri
839 2353 946 2419 posse.

284 2444 364 2507 Ac
397 2439 536 2525 primum
567 2439 714 2526 quidem,
749 2440 836 2526 quod
859 2440 950 2506 edo.
978 2442 1003 2520 1,
1031 2445 1090 2507 1-
1095 2443 1135 2506 18
1158 2391 1308 2526 pertinet,
1330 2437 1372 2505 ad

229 2569 403 2634 quemnam
425 2547 495 2615 font
481 2556 599 2614 temea
620 2546 792 2614 referenda
815 2549 891 2629 siut,
903 2547 1047 2614 dubitari
1068 2549 1182 2633 possit.
1159 2547 1279 2615 tSed
1297 2547 1374 2612 hee·

227 2679 336 2724 remus
357 2657 393 2722 in
414 2679 440 2726 c.
458 2657 495 2737 ’1,
522 2659 560 2720 12
576 2654 632 2721 ubi
655 2655 762 2740 Scipio
784 2655 925 2738 legiones
948 2655 1123 2740 inspexisse
1137 2655 1266 2722 dicitur.
1307 2656 1374 2720 Au·

228 2770 281 2832 tes
313 2765 397 2831 enim
417 2765 454 2833 L.
472 2763 638 2845 XXVIIII,
673 2767 726 2845 45,
750 2767 769 2827 8
792 2763 871 2829 nihil
893 2763 956 2829 nisi
978 2785 1075 2830 neves
1098 2765 1128 2831 ei
1148 2763 1374 2854 decretesesse

228 2873 429 2954 audivimus,
453 2869 810 2957 atqueL.xxv111,ro,
829 2875 867 2935 13
884 2891 956 2936 eum
980 2871 1131 2938 dilectum
1152 2873 1256 2955 neque
1275 2872 1374 2955 impe·

228 2986 353 3060 tressa,
375 2996 480 3063 neque
503 2995 697 3062 magnopere
726 2977 913 3044 tetendisse.
962 2977 1055 3058 Quod
1086 2975 1207 3044 invidie
1236 2977 1375 3046 maxime

231 3088 381 3183 iectionis
403 3087 570 3152 Fabianae
592 3085 711 3152 factum
734 3107 815 3168 esse,
838 3086 872 3152 in
894 3093 1008 3174 aperto
1032 3093 1099 3169 eet;
1123 3093 1249 3153 etcum
1273 3087 1374 3154 Weis-

231 3193 423 3260 s'enbornlus
434 3195 467 3259 in
479 3194 687 3260 annotatione
698 3194 740 3259 ad
753 3193 933 3276 lib.lIXIX,
967 3201 1006 3278 1,
1034 3199 1071 3260 12
1096 3193 1375 3277 demonstraverit,

231 3300 456 3368 Cannensibus
477 3299 657 3386 legionibus
680 3300 840 3383 abductis,
864 3299 980 3394 milites
1002 3302 1036 3368 in
1059 3301 1169 3368 Sicilia
1191 3303 1375 3385 uonfmsse,

233 3410 375 3494 exceptis
388 3408 545 3494 Scipionis
566 3408 811 3502 voluntcr·iis³¹)¹
828 3431 923 3476 nemo
945 3431 1023 3476 sene
1042 3409 1173 3490 uidebit,
1200 3431 1282 3494 quas
1300 3431 1376 3477 nam

305 3568 350 3638 30)
369 3565 412 3621 Ite
428 3565 562 3622 fluctuant
579 3566 705 3622 locorum
724 3567 843 3638 nomina,
861 3583 894 3622 co
909 3571 956 3620 res
974 3566 1050 3621 omui
1067 3581 1139 3620 nexu
1156 3565 1195 3622 ita
1211 3567 1377 3627 intersece-

231 3659 308 3723 rent,
326 3663 357 3714 ut
375 3657 493 3729 aliquem
515 3657 654 3714 hominem
684 3659 795 3714 doctum
820 3657 946 3713 mutilem
963 3657 1035 3712 Livii
1056 3657 1239 3712 mmetionem
1259 3676 1377 3728 quoquo·

231 3753 316 3808 modo
339 3753 507 3821 repererisse
530 3756 620 3822 putes.
665 3751 714 3808 cir.
737 3768 806 3820 quae
829 3768 854 3806 c.
872 3754 918 3820 41,
941 3754 957 3806 3
986 3749 1021 3806 de
1046 3751 1146 3806 Castris
1165 3749 1235 3806 albis
1253 3751 1378 3824 legimus.

231 3845 352 3916 Iliturgin
371 3861 396 3900 c.
415 3847 458 3909 31,
477 3848 510 3914 8;
530 3844 644 3915 Bigerra
663 3861 687 3900 o.
706 3847 750 3908 41,
770 3847 821 3914 11;
845 3844 950 3899 Munda
967 3844 1025 3898 sire
1041 3843 1137 3900 Minds
1159 3860 1186 3899 c.
1204 3847 1250 3899 42.
1271 3846 1305 3914 1;
1323 3845 1376 3900 Διι-

231 3937 293 3992 rinx
310 3936 354 3993 vel
371 3935 506 4006 Auringis,
525 3934 642 4006 Orongis
660 3940 715 3990 etc.
751 3953 776 3991 c.
800 3938 836 3990 42
863 3938 889 3990 5.
909 3935 981 3990 Gelli
1007 3952 1032 3990 c.
1050 3939 1095 4000 42,
1113 3937 1185 3991 6-8
1206 3939 1253 3991 aut
1271 3937 1377 4008 conjec-

237 4035 300 4086 tura
321 4029 350 4084 in
378 4029 502 4084 ordinem
526 4033 722 4100 pervenerunt,
752 4032 801 4084 aut
817 4033 946 4098 corrupte
965 4033 1044 4100 sunt,
1071 4032 1120 4084 aut
1136 4028 1203 4097 quid
1221 4027 1274 4082 sibi
1291 4029 1379 4085 velint

233 4135 288 4176 non
307 4122 430 4188 apparet.

306 4213 352 4278 31)
370 4210 505 4280 Legiones
516 4213 608 4266 mrtem
618 4210 766 4281 InXXIX,
792 4213 823 4280 1,
842 4213 877 4266 12
890 4214 1116 4266 commemoratas
1134 4225 1190 4264 nou
1213 4208 1380 4264 voluntarios

234 4304 298 4360 illos
315 4319 383 4372 esse,
401 4319 465 4360 oum
483 4302 611 4373 Scipione
628 4305 657 4380 iu
675 4303 796 4360 Sioiliem
815 4303 949 4373 ιιιιιιιιοι
967 4320 1001 4358 ex
1018 4303 1118 4372 XXIX,
1136 4305 1162 4370 1,
1182 4306 1206 4373 1,
1223 4301 1271 4356 ubi
1282 4302 1379 4358 voluu-

233 4396 298 4450 tsrii
319 4395 481 4454 cremantur
504 4401 533 4450 et
556 4396 753 4460 centurieutur,
771 4400 801 4450 et
818 4413 852 4450 ex
869 4412 896 4449 c.
913 4398 957 4464 24,
977 4397 1010 4452 18
1028 4398 1153 4466 apparet,
1164 4394 1212 4452 ubi
1224 4394 1377 4465 legionibus
1449 4397 1453 4405 '

234 4487 428 4544 attribuuntur.
450 4517 479 4526 -
