3186 5322
733 412 774 477 23

177 581 267 648 lente
288 581 367 648 oriri
390 603 454 649 non
476 584 630 667 potuisse,
654 602 749 668 quem
772 583 882 652 Livius
911 579 1017 650 totum
1042 577 1229 670 descripsit,
1257 588 1320 654 Po-

176 688 281 774 lybius
303 691 452 756 correxit.

244 795 356 874 »Quod
379 819 442 885 qno
465 798 568 882 magis
590 798 623 863 in
646 801 767 882 aperto
782 798 835 878 sit,
858 797 1014 864 nonnulla
1036 797 1220 880 afferamus
1233 821 1318 885 quae

176 905 266 988 apud
287 904 412 972 Livium
440 906 569 990 quidem
600 906 770 990 leguntur,
801 912 836 972 et
864 927 935 971 oum
965 911 1099 990 propter
1121 908 1319 990 paucitatem

178 1009 432 1096 bngmentorum
462 1034 534 1078 enm
555 1012 691 1099 Polybio
725 1013 938 1098 nonpossint
960 1013 1118 1095 conferri,
1142 1017 1318 1082 tamenab

178 1139 219 1184 eo
239 1117 345 1185 miens
367 1119 515 1202 putanda
534 1125 626 1200 sunt,
656 1126 790 1204 propter
812 1121 1013 1203 pragmatiae
1035 1121 1196 1187 rationem
1220 1121 1320 1188 histo·

176 1227 285 1294 deam.
341 1226 395 1292 Sic
426 1226 495 1293 Liv.
525 1225 681 1306 XXVIII,
716 1230 755 1291 21
780 1233 911 1308 narrat,
942 1224 1141 1294 amilitibus
1164 1227 1319 1295 Romanis

176 1333 270 1400 ludds
313 1333 524 1419 gladiatorios
553 1355 624 1400 esse
653 1334 777 1416 editos,
808 1311 852 1400 ae*
885 1333 1050 1400 fabellam·
1070 1335 1111 1401 de
1145 1337 1319 1402 certamine

177 1441 293 1510 Corbis
315 1446 350 1507 et
379 1441 682 1522 Orsuae,‘fratrum
704 1441 918 1524 patruelium,
948 1441 1072 1508 inserit.
1098 1438 1101 1446 ’
1119 1442 1209 1520 Quae
1231 1433 1319 1528 a'pu'd

176 1549 362 1634 Polybium,
393 1549 427 1614 ni
457 1548 570 1629 fallor,
602 1569 704 1633 aeque
727 1569 791 1614 non
812 1549 1013 1634 legebantur,
1037 1571 1076 1614 ae
1098 1568 1183 1634 quae
1204 1539 1318 1631 XXVI,

178 1662 237 1739 483
259 1655 380 1737 XXVI,
405 1661 460 1736 503
485 1655 623 1737 XXVII,
651 1661 689 1722 19
721 1676 741 1722 a
763 1656 853 1721 Livio
875 1655 994 1734 allata,
1018 1657 1184 1742 aPolybio
1201 1649 1320 1725 omissa

176 1771 263 1830 sunt.
277 1751 321 1812 4-
343 1763 529 1840 LXXVIII,
553 1765 682 1828 36-38
699 1767 735 1829 et
748 1767 789 1827 46
806 1761 968 1847 expeditio
981 1760 1127 1847 Magonis
1144 1766 1178 1829 in
1201 1765 1317 1832 Balea-

176 1894 228 1940 res
250 1878 283 1937 et
302 1873 337 1939 in
358 1872 493 1956 Ligures
515 1875 683 1952 narratum
706 1852 790 1955 quae
812 1869 898 1954 apud
919 1870 1086 1956 Polybium
1099 1871 1229 1956 quidem
1249 1874 1319 1939 sine

176 1981 276 2050 dubio
299 1986 380 2060 erat,
404 1980 461 2046 sed
483 1979 536 2046 vix
557 1985 651 2046 tanta
674 1989 849 2046 cumeurn
869 1999 922 2044 res
943 1980 993 2046 vel
1007 1980 1156 2047 minimas
1169 1982 1318 2048 attulisse

176 2089 342 2174 putandus
372 2093 442 2168 est,
473 2089 557 2156 siout
579 2087 677 2154 etiam
705 2087 740 2154 P.
764 2087 828 2168 ΙΙΙ,
859 2089 898 2154 76
928 2088 1069 2153 minores
1097 2089 1317 2173 expeditiones

176 2195 460 2266 omisit-Etiam
476 2216 558 2281 quae
569 2195 606 2261 L.
618 2194 734 2275 XXIX,
761 2198 789 2275 1,
806 2199 921 2276 19-3,
942 2199 960 2258 6
977 2193 1018 2260 de
1030 2194 1127 2261 rebus
1139 2195 1317 2280 Hispaniae

177 2313 253 2392 poet
274 2305 454 2389 Scipionem
476 2304 602 2370 tradita
623 2308 709 2383 sunt,
732 2303 760 2368 si
782 2301 869 2384 apud
891 2300 1059 2387 Polybium
1082 2309 1194 2384 erant,
1212 2311 1315 2371 :uerte

177 2434 241 2482 non
265 2415 326 2480 hoo
347 2412 435 2494 loeo,
465 2430 571 2498 neque
602 2417 671 2478 tam
693 2416 844 2478 accurate
876 2410 1055 2494 perscripta
1079 2414 1191 2494 erant,
1214 2434 1256 2478 ne
1278 2413 1318 2479 de

176 2544 214 2590 eo
238 2523 352 2602 dinam,
375 2521 463 2605 quod
485 2521 519 2588 in
541 2521 591 2586 his
614 2519 775 2604 oapitibus
794 2518 896 2584 multa
919 2519 1039 2599 insunt,
1059 2540 1178 2603 qnaee
1199 2539 1318 2605 genere

175 2628 805 2713 narrandiPolybiiprorsuaabhorrent.
829 2627 920 2705 Quae
928 2627 1027 2693 inlib.
1036 2627 1190 2707 XXVIII,
1217 2634 1267 2708 15,
1280 2633 1319 2693 ll

175 2779 219 2798 ..-
246 2743 284 2804 16
307 2737 392 2821 apud
415 2736 538 2802 Livium
562 2737 603 2802 de
623 2736 817 2802 transitione
840 2735 987 2815 Attenis,
1010 2736 1095 2818 regis
1118 2735 1317 2802 Turdetano-

175 2866 266 2926 rum,
289 2850 479 2925 narrentur,
516 2843 663 2910 omisisse
684 2846 764 2926 puto
786 2841 971 2928 Polybium,
994 2843 1078 2908 sient
1100 2843 1319 2925 Aluooionem,

177 2955 412 3023 Celtiberorum
442 2959 562 3035 regem,
585 2972 608 3016 a
636 2951 705 3016 Liv.
727 2950 849 3032 XXVI,
878 2955 921 3016 50
944 2957 1230 3018 commemoratum
1251 2973 1317 3018 non

174 3062 360 3132 nominavit.
404 3060 492 3126 Idem
523 3058 665 3152 quadrat
693 3060 728 3124 in
762 3057 993 3133 Cerdubelum‚
1026 3059 1082 3143 qui
1103 3059 1312 3134 Gertulonem

174 3167 285 3254 prodit
304 3167 342 3233 L.
365 3165 501 3252 XXVIII
523 3169 575 3246 20,
599 3169 717 3231 8-12,
1143 3169 1145 3172 ’
1315 3195 1317 3200 -

262 3272 563 3356 contemplantibus
595 3277 705 3340 autem
737 3274 852 3353 nobIs,
886 3275 1039 3358 quidnam
1062 3278 1117 3342 sit
1150 3279 1318 3362 proprium

175 3383 356 3453 narrationi
378 3382 532 3448 Livianae
562 3385 596 3448 et
627 3381 788 3466 quomodo
810 3403 887 3460 'sese
921 3383 1080 3463 habeant,
1113 3405 1198 3470 quas
1229 3385 1317 3470 apud

174 3499 346 3576 utrumque
368 3490 559 3573 scriptorem
580 3488 761 3555 oommun'ia
776 3488 940 3572 legantur,
955 3497 1105 3574 apparet,
1118 3493 1151 3558 in
1167 3493 1316 3560 omnibus

174 3601 239 3670 illis
260 3599 428 3684 Scipionis·
442 3597 702 3682 expeditionibus
729 3597 899 3664 narrandis
921 3599 1075 3664 nonnulla
1096 3601 1211 3682 inesse,
1233 3621 1318 3685 quae

173 3701 1035 3788 inunoqnoqueliviilibroeXXVI—XXVIIIeodem
1047 3703 1316 3774 modoinvenian·

172 3821 237 3884 tur.
283 3813 329 3879 Aa
359 3810 500 3894 primum
529 3809 658 3895 quidem
687 3809 912 3894 quodcumque
945 3809 986 3876 de
1018 3811 1316 3906 rebuspfliepaniae

174 3930 216 3994 et}
230 3920 360 3992 tiene
381 3922 547 3999 narratur,
576 3916 723 3986 abundat
752 3917 937 3986 nominibus
968 3919 1151 4004 regionum„
1175 3921 1313 4003 urbium,

173 4051 294 4114 mgnum,
318 4026 498 4106 fluviorum,
520 4026 626 4094 itaut
649 4047 713 4094 non
735 4025 830 4095 modo
844 4026 1017 4112 ‚ruotgeri
1048 4029 1214 4096 annalium
1228 4031 1315 4098 rati-

173 4136 443 4228 oneqabborreat,
474 4133 534 4202 sed
553 4135 656 4204 multa
676 4134 812 4217 afferat,
834 4156 922 4219 quae
942 4157 982 4202 ue
1003 4136 1158 4222 Polybius
1180 4139 1311 4223 quidem

172 4246 302 4318 habete
327 4243 447 4314 badim
465 4248 678 4328 reputamus,
699 4249 867 4328 nitentum
886 4243 1135 4313 ‚studiumillti
1148 4248 1182 4313 in
1200 4249 1317 4316 'tenus

171 4350 391 4440 peragrandas
420 4351 653 4434 regionumque
693 4351 777 4416 altus
821 4351 1094 4434 moognosoendo's
1140 4354 1316 4421 contulerit

172 4462 226 4548 (In.
249 4461 284 4529 P.
307 4459 360 4542 lII',
384 4463 439 4542 te,
456 4457 681 4541 taimen,
705 4464 753 4522 7..
772 4457 915 4526 *Plinius
936 4459 965 4525 V
989 4464 1018 4542 l,
1042 4464 1069 4525 1·
1088 4459 1196 4545 blial,
1212 4467 1316 4546 quant

173 4569 327 4656 seepe'in
349 4575 428 4635 suae
449 4567 567 4636 aetatis
590 4566 766 4650 scriptores
781 4566 969 4650 invehatur,
993 4568 1078 4653 quod
1102 4571 1232 4656 ejnsrei
1245 4593 1311 4638 om-
