3186 5322
786 360 827 422 68

232 535 365 622 respicit
388 533 429 602 ad
453 553 509 600 eos
532 532 723 618 scriptores,
748 531 897 617 quicum
920 531 960 596 de
983 549 1107 597 summa
1139 549 1245 594 rerum
1270 549 1376 597 secum

233 643 460 726 consentiant,
484 661 524 708 ea
546 661 629 726 quae
650 641 719 724 ipse
742 640 982 725 conquisiuerit,
1005 661 1069 704 non
1092 638 1243 721 habeant,
1267 659 1379 723 quam-

231 755 277 821 vis
300 751 500 838 gravissima.
522 749 558 814 P.
581 749 620 832 X,
645 755 675 832 9,
700 754 730 814 2.
752 749 871 824 τούτοις
893 745 953 812 οὖν
973 746 1379 832 τοτςέκλογιομοτςομολο-

232 866 361 946 γοῦνπς
383 865 444 928 etc.
488 860 602 945 Itaque
632 858 739 925 Lirius
772 879 837 924 non
871 857 1041 943 Polybium
1064 863 1113 923 est
1144 863 1291 941 secutus,
1322 857 1379 924 ssd
1501 919 1507 926 .

233 971 368 1038 eundem
391 969 530 1052 iontem,
557 989 653 1055 quem
676 967 749 1050 ille,
772 967 813 1032 ad
837 987 932 1053 quem
953 965 1086 1053 Polybio
1110 966 1264 1033 nonnulla
1292 966 1379 1035 vide·

233 1079 355 1146 bantur
377 1075 536 1144 addenda.
583 1075 676 1154 Quod
698 1095 773 1142 vero
797 1095 896 1158 supra
919 1073 1118 1157 videramus,
1151 1074 1274 1141 iontem
1296 1073 1377 1142 Livii

234 1188 334 1255 fuisse
357 1188 502 1264 latinum,
525 1187 560 1252 in
582 1184 742 1271 Scipionis
764 1185 881 1251 castris
902 1189 1066 1250 versatum
1088 1191 1146 1250 aut
1170 1189 1238 1270 ejus
1261 1204 1379 1270 aequa-

232 1298 316 1379 lem,
340 1297 461 1381 optime
485 1295 581 1361 etiam
605 1297 639 1360 in
662 1294 831 1381 Polybium
854 1293 1004 1379 quadret.
1048 1293 1129 1359 Nam
1153 1293 1233 1358 illud
1253 1294 1380 1378 quidem

235 1410 269 1472 et
289 1407 423 1490 propter
444 1401 572 1471 vivendi
603 1403 761 1469 rationem
784 1402 909 1488 Polybii
939 1407 973 1468 et
1007 1408 1142 1487 propter
1172 1405 1239 1488 ejus
1271 1386 1378 1470 studia

132 1501 135 1507 ¹
235 1514 288 1580 vix
310 1514 372 1580 erit
394 1512 617 1594 dubitandum,
641 1512 718 1596 quin
742 1531 853 1576 eorum
874 1511 983 1594 libros,
1007 1512 1154 1596 quires,
1179 1512 1295 1596 quibus
1317 1512 1381 1596 ipsi

233 1621 458 1703 interfuerant,
481 1621 545 1705 ipsi
567 1620 830 1707 perscripserant,
855 1641 964 1687 omnes
987 1621 1192 1712 iuspaxerit„
1220 1618 1312 1699 Quod
1334 1621 1381 1688 ita

234 1751 268 1798 se
290 1729 421 1812 habere,
446 1733 583 1815 apparet
607 1729 705 1794 etiam
728 1747 767 1792 ex
789 1727 858 1794 Pol.
881 1727 920 1793 X.
946 1733 983 1810 9,
1008 1733 1027 1793 3
1047 1732 1101 1815 τῆς
1121 1731 1184 1793 τῶν
1199 1727 1371 1812 συμβεβιω-

235 1837 337 1904 νότων
356 1837 584 1928 μαρτνρίας49)
608 1842 641 1904 et
663 1860 702 1904 ex
724 1838 807 1924 VIII,
831 1842 861 1903 4.
883 1837 959 1920 XII,
982 1841 1033 1906 28.
1079 1837 1202 1903 Deinde
1223 1857 1300 1905 vero
1321 1838 1378 1932 XI,

238 1951 288 2030 31,
308 1947 332 2013 '8
350 1949 476 2013 animus
491 1947 628 2013 militum
653 1946 923 2014 sio'doscribitur:
946 1945 1381 2033 nupanlyotour'slvumdv-

233 2075 289 2128 τας
311 2052 347 2116 ἐν
368 2055 422 2138 τῆς
443 2051 605 2138 lindunae
625 2061 691 2128 τοϊς
717 2048 817 2137 ὁρῶσι
836 2052 909 2128 τοὺς
931 2051 1103 2136 πολεμίους
1124 2031 1178 2116 καὶ
1199 2033 1382 2146 deonotus

232 2160 386 2247 μέλλουσι
408 2159 680 2244 desuadendam
717 2181 799 2246 quac
829 2183 870 2228 ex
892 2162 1108 2248 descriptione
1141 2160 1293 2248 alicujus,
1328 2162 1386 2246 qui

234 2271 330 2337 rebus
353 2269 554 2354 interfuerat,
578 2271 717 2337 fortasse
739 2271 911 2356 desumpta
937 2291 1016 2354 esse,
1039 2271 1161 2337 indicat
1174 2256 1201 2341 1.Ι
1211 2259 1333 2355 X1,'1n,
1350 2275 1380 2352 2,

233 2377 291 2444 nbi
312 2376 465 2464 Polybius
488 2377 646 2464 ejusmodi
667 2375 833 2459 ardorem,
863 2399 961 2462 quem
982 2378 1014 2443 in
1039 2365 1194 2444 exercitu
1213 2379 1382 2464 Philopoe-

233 2487 336 2554 menis
366 2487 436 2572 ipse
466 2485 609 2569 viderat,
645 2479 795 2552 similiter
826 2486 980 2572 depingIt.
1039 2486 1103 2555 Sed
1135 2487 1293 2554 accedunt
1313 2489 1379 2556 alia

233 2595 420 2662 testimonia
441 2594 543 2661 multo
567 2596 717 2680 gramora
738 2593 807 2661 Pol.
830 2595 906 2678 XII,
938 2599 999 2678 28,
1027 2615 1069 2678 a,
1101 2601 1121 2661 8
1143 2595 1243 2662 dicits¹
1267 2594 1293 2682 ’ἢ
1319 2586 1383 2684 γοὶρΙ

232 2708 296 2771 τῶν
317 2706 553 2791 παρεπομένων
576 2715 642 2781 τοῖς
670 2705 858 2792 πράγμασιν
889 2701 1070 2792 ὑπόμνησιξ
1097 2691 1179 2792 αὐτῆ
1199 2687 1387 2794 χαραγωγεϊ

235 2815 291 2880 τὸν
312 2814 526 2900 ἐξηγούμενον
548 2819 581 2880 et
603 2813 674 2900 XII,
699 2819 751 2898 28,
776 2812 873 2882 esso
894 2819 949 2902 τῆς
963 2812 1102 2900 ἱστορίας
1110 2817 1174 2892 ἔξω
1185 2816 1255 2880 τότε
1267 2814 1383 2894 ratde,

235 2921 315 2988 ὅταν
337 2923 358 3009 ἤ
378 2919 410 2986 ol
431 2925 645 3006 πραγματικαὶ
675 2926 739 2987 ταῖν
769 2921 900 3009 ἀνδρῶν
921 2925 1061 3010 γράφων
1081 2908 1307 3017 ἕπτχωρῆσωαι,
1328 2924 1385 3000 τοὶς

235 3028 375 3115 ἱστορίας
396 3029 454 3116 (μή
477 3028 788 3117 nutrimentu,
812 3033 989 3117 παρέργως)
1013 3017 1155 3098 οταόῐτ.
1177 3031 1328 3114 XXIX,6
1351 3052 1381 3114 a,

234 3144 264 3222 ξ.
287 3143 308 3204 4
331 3144 365 3205 et
387 3143 417 3205 6.
443 3139 598 3219 XXXIV,
625 3145 675 3226 10,
698 3145 740 3204 64*
772 3139 890 3206 Strabo
911 3139 966 3222 IV,
989 3161 1021 3226 p.
1048 3142 1133 3208 lou·
1166 3141 1251 3208 Hinc
1282 3141 1384 3228 igitur

234 3253 380 3333 apparet,
403 3248 572 3335 Polybium
594 3253 759 3316 eteorum
782 3243 978 3333 testimonia,
1002 3237 1177 3334 qui'rebus
1199 3251 1263 3336 ipsi
1278 3251 1384 3317 inter-

233 3357 379 3439 fuerunt,
414 3357 529 3423 summi
560 3357 659 3442 pretii
692 3356 845 3424 habuisse
880 3364 979 3442 atque
1013 3357 1082 3424 sine
1115 3357 1212 3424 dublo
1247 3355 1382 3425 iis¹esse

235 3485 343 3532 usum:
366 3471 399 3532 et
421 3469 657 3552 ejustempore
686 3465 849 3532 exstitisse
880 3467 1032 3534 historias
1066 3467 1222 3552 quasdem
1248 3466 1387 3554 α’νδροῖν

235 3577 480 3660 πραγματικῶν,
504 3574 561 3657 qui
583 3593 635 3639 res
659 3595 738 3659 quas
764 3575 826 3659 ipsi
849 3582 1027 3659 gesserunt,
1039 3576 1102 3662 ipsi
1119 3565 1384 3662 perstrips'erunt.

237 3680 401 3748 Hannibal
424 3665 493 3768 ipse
516 3682 648 3765 graecos
672 3684 918 3766 commentarios
942 3685 1093 3770 scripsit3
1117 3684 1300 3771 (Cornelius
1321 3685 1384 3751 Ne-

237 3813 297 3878 pos
320 3793 376 3858 vit.
399 3791 505 3858 Hann.
526 3792 621 3873 XIII,
646 3797 695 3875 2);
728 3775 812 3860 idem
837 3793 981 3860 iecerunt
1015 3800 1136 3876 „testes
1164 3795 1211 3861 illi
1243 3795 1383 3862 oculati“

240 3899 366 3966 Silenus
389 3903 423 3964 et
444 3899 588 3982 Sosilus,
610 3899 717 3982 (Corn.
740 3901 847 3986 Nepos
870 3901 972 3967 Hann¹
991 3902 1077 3986 XIII,
1095 3903 1146 3990 3);
1168 3903 1385 3970 Romanorum

241 4009 434 4095 scriptorum
470 4013 538 4096 ejus
571 4010 689 4076 aetatis
725 4011 883 4076 notissimi
920 4015 1014 4076 sunt:
1042 4010 1078 4090 Q.
1111 4011 1233 4078 Fabius
1265 4011 1385 4078 Pictor.

241 4118 278 4184 L.
309 4117 439 4184 Cincius
471 4117 671 4201 Alimentus,
707 4119 823 4207 ἄνδρες
856 4124 1069 4206 πραγματικοὶ
1098 4123 1153 4184 καὶ
1188 4119 1385 4206 obstaturam

305 4382 352 4452 49)
369 4382 467 4454 Agitur
484 4383 538 4439 hoo
555 4383 618 4439 loco
637 4383 671 4438 de
696 4383 804 4454 scriptis
830 4382 1047 4448 commentariis,
1072 4400 1137 4438 nam
1165 4383 1218 4440 nisi
1235 4383 1384 4455 perscripti

237 4479 343 4546 essent,
361 4475 490 4546 Polybius
508 4475 688 4546 sumptoribus
706 4476 855 4548 opprobrio
874 4481 1043 4533 nonvertere
1061 4481 1164 4550 posset,
1177 4477 1251 4548 quod
1263 4493 1309 4532 eos
1328 4495 1385 4532 non

240 4569 389 4626 adiissent:
410 4587 472 4626 cum
491 4569 558 4642 ipsis
577 4575 668 4658 autem
688 4569 850 4641 aequalibus
869 4571 988 4642 colloqui
1006 4585 1062 4628 non
1081 4587 1175 4627 omnes
1193 4575 1349 4643 potuerunt.
