3186 5322
840 510 879 571 10

288 693 447 743 consensu
480 699 553 744 cum
587 677 621 742 in
649 677 772 762 judicio
805 677 846 744 de
878 678 994 744 ceteris
1024 698 1115 763 capp.
1150 677 1283 746 larundo
1314 679 1357 746 sit
1379 697 1432 745 exv

288 780 446 864 eundum,
476 783 509 850 id
529 787 598 869 jam
621 805 680 868 per
702 806 736 850 se
758 790 860 869 patet,
883 785 924 850 de
945 784 986 850 iis
1009 783 1105 850 robus
1132 787 1261 852 omnino
1290 787 1345 870 egi
1367 802 1432 852 non

287 909 401 971 posse,
434 911 518 974 quae
540 891 582 956 ad
604 893 813 976 magistratus
846 891 1022 972 creandos,
1056 891 1204 978 prodigia
1225 893 1431 974 recensenda,

287 994 369 1078 ulia,
404 1018 487 1081 quae
508 999 543 1064 in
563 997 734 1065 annalibus
756 999 936 1083 perscripta
958 1003 1070 1081 erunt,
1105 1003 1287 1084 pertiuent,
1321 1000 1432 1086 qualia

289 1109 366 1172 sunt
386 1102 488 1170 XXVI
512 1129 539 1171 o.
566 1111 666 1187 1-43
688 1127 714 1171 c.
737 1107 882 1186 21-243
903 1129 930 1170 e.
956 1107 1095 1173 26—37.
1117 1107 1247 1190 XXVII,
1270 1110 1432 1188 e.4-11;

231 1231 237 1243 ·
287 1235 314 1278 e.
338 1216 482 1294 20-273
506 1237 533 1279 c.
548 1216 600 1295 33,
624 1217 742 1278 6-38.
764 1213 909 1295 XXVIII,
932 1236 959 1280 o.
973 1219 1002 1296 4,
1028 1219 1129 1297 5-73
1152 1236 1179 1282 o.
1192 1219 1308 1282 9-12,
1342 1215 1432 1294 Quae

285 1341 356 1389 oum
370 1341 391 1386 a
404 1319 536 1406 Polybio
549 1343 685 1420 prorsus,
706 1320 820 1390 abesse
832 1321 982 1406 debeant,
1003 1321 1104 1389 missa
1125 1323 1298 1406 iaciamus3
1321 1324 1378 1390 sed
1393 1345 1433 1390 ea

285 1445 423 1509 quoque,
446 1446 529 1509 quac
553 1445 606 1492 res
628 1425 770 1492 initalia
792 1425 834 1492 ab
851 1425 1033 1492 Hannibale
1055 1433 1088 1493 et
1103 1433 1216 1494 contra
1229 1449 1302 1494 eum
1324 1435 1433 1512 gestas

285 1529 461 1610 continent,
484 1535 542 1596 aut
565 1527 731 1616 aPolybio
754 1551 887 1614 prorsus
910 1530 1115 1614 dissentiunt,
1138 1540 1196 1597 aut
1218 1533 1300 1598 talia
1321 1531 1431 1599 viden·

286 1642 350 1717 tur,
373 1635 430 1702 ubi
451 1637 633 1722 fragmenta
655 1659 714 1704 nos
737 1637 910 1718 deficiunt,
932 1637 985 1704 vix
1007 1639 1099 1703 utin
1121 1639 1303 1724 pragmatia
1324 1638 1431 1706 locum

283 1742 435 1814 habuisse
455 1745 591 1828 possint
635 1745 688 1810 Sic
709 1745 797 1829 apud
816 1744 940 1812 Liuium
961 1744 1072 1827 XXVI,
1096 1767 1123 1812 e.
1151 1751 1276 1814 14-17
1299 1747 1332 1812 in
1354 1767 1431 1812 nar-

282 1851 386 1920 randa
398 1852 528 1939 Capuae
551 1855 788 1939 oppugnatione
811 1855 963 1936 traditur,
985 1853 1116 1922 Fulvius
1137 1856 1252 1922 consul
1270 1877 1335 1922 una
1357 1877 1429 1922 eum

282 1957 462 2044 legionibus
485 1961 597 2046 Capua
618 1963 731 2031 relicta
746 1961 966 2030 Hannibalem
989 1962 1177 2028 adRomam
1199 1968 1430 2045 secutusesse,

283 2089 383 2154 quam
394 2071 617 2144 narrationem
629 2070 709 2138 nihil
720 2070 911 2138 crediderim
924 2092 1006 2152 esse,
1029 2071 1092 2137 nisi
1101 2071 1314 2139 imilationem
1327 2073 1430 2138 notis·

282 2177 354 2246 simi
374 2177 460 2246 iilius
475 2179 600 2248 itineris
621 2178 760 2248 Neronis
779 2185 895 2246 weontra
915 2178 1162 2247 Hasdrubalem.
1210 2179 1278 2248 Lis.
1299 2179 1430 2262 XXVII,

284 2291 373 2366 a43,
386 2292 414 2352 9.
438 2287 591 2373 Polybius
613 2288 944 2356 autem-contrarium
967 2287 1077 2354 affert:
1098 2289 1154 2370 IX,
1171 2293 1234 2372 7,t
1257 2287 1430 2370 ptuaului

282 2397 335 2480 τῆς
350 2394 540 2477 mobeantur
554 2400 627 2471 rods
640 2400 713 2484 περὶ
732 2417 786 2460 eor
802 2395 955 2472 Ἄππιον,
978 2396 1121 2482 dicitque
1143 2396 1206 2478 IX,
1230 2401 1249 2462 8
1274 2395 1431 2464 (lonsules

284 2501 404 2569 dilectu
424 2503 509 2570 sorte
531 2503 590 2570 sub
612 2503 645 2570 id
667 2503 772 2587 ipsum
796 2508 923 2587 tempus
936 2503 1098 2585 instituto,
1123 2503 1314 2570 subitarium
1338 2525 1429 2570 exor-
1555 2583 1560 2594 ¹

285 2610 384 2703 citum
406 2617 520 2680 contra
542 2610 759 2678 Hannibalem
781 2611 942 2678 eduxisse.
964 2647 1006 2660 -
1048 2611 1139 2677 Idem
1161 2611 1302 2698 quadrat
1322 2613 1357 2679 in
1379 2633 1429 2695 ea,

283 2739 367 2810 quae
388 2719 423 2786 iu
443 2719 512 2786 Liv.
534 2717 618 2786 libro
640 2717 761 2786 XXVII
781 2717 950 2802 leguntur,
984 2739 1023 2784 ao
1044 2719 1183 2785 maxime
1203 2718 1238 2785 in
1260 2739 1314 2801 oa,
1345 2741 1429 2805 quae

283 2827 454 2913 depugna
476 2828 517 2895 ad
541 2827 723 2895 Metaurum
751 2832 943 2910 narrentur,
979 2849 1174 2913 quamquam
1206 2828 1368 2895 nonnullis
1394 2828 1428 2894 in

283 2936 380 3004 rubus
412 2957 482 3004 eum
505 2935 639 3020 Polybio
672 2936 821 3002 videntur
854 2937 1043 3004 consentire.
1099 2937 1162 3002 Scd
1185 2937 1290 3021 apud*
1304 2935 1429 3002 Livium

283 3043 428 3128 legimus,
449 3044 586 3127 XXVII,
617 3049 669 3127 47,
695 3050 713 3110 9
736 3043 1019 3112 Ηαεᾶτυὴαίεωια
1040 3044 1176 3111 ducibus
1196 3044 1362 3112 desertum
1385 3043 1428 3111 ad

282 3175 425 3238 pugnam
445 3160 592 3220 eoactum
615 3153 990 3239 esse;PolybiusX13,
1016 3159 1032 3218 l
1058 3154 1169 3221 Gallus
1192 3153 1266 3221 vino
1287 3151 1428 3238 repletos

283 3262 370 3330 eirca
391 3263 458 3328 vius
480 3269 600 3330 stratos
622 3261 721 3328 luisse
741 3269 878 3345 narrat,
902 3284 984 3348 quos
1005 3263 1115 3333 Livius
1136 3283 1252 3330 ‘semim
1274 3260 1428 3347 fatigatos

282 3372 316 3442 iu
332 3377 459 3440 ,maram
482 3371 630 3457 delapsos
653 3371 792 3438 dixerat.

369 3480 433 3548 Sed
453 3501 505 3547 res
527 3482 562 3548 in
583 3481 742 3565 Hispania
764 3485 798 3547 st
819 3481 854 3546 in
880 3478 992 3547 Africa
1018 3502 1038 3545 a
1061 3479 1211 3565 Scipione
1229 3486 1346 3566 gestae·
1359 3481 1427 3546 fers

282 3607 409 3672 semper
426 3587 538 3656 codem
555 3588 661 3671 modo,
680 3610 745 3672 qno
763 3609 784 3654 a
799 3589 932 3673 Polybio
953 3593 1177 3672 exponuntur,
1199 3609 1426 3674 nonnunquam

281 3697 380 3764 ctiam
389 3697 440 3780 iis,
458 3718 540 3781 quas
554 3697 588 3762 in
606 3697 722 3763 italiae
733 3695 829 3762 rebus
841 3697 940 3780 gestis
951 3695 1123 3761 narrandis
1135 3694 1323 3776 afferuntur,
1335 3717 1426 3780 pror-

282 3825 336 3872 sus
349 3810 539 3888 repugnant.
584 3803 637 3870 Sic
652 3804 684 3870 iu
699 3804 797 3870 rebus
807 3803 967 3886 Scipionis
978 3804 1147 3868 tradendis
1168 3825 1331 3890 nunquam
1348 3805 1427 3869 dici·

283 3923 352 3994 tur,
377 3911 560 3978 Hasdrubal
594 3913 662 3998 sibi,
689 3913 896 3998 proposuisse
927 3913 961 3978 in
986 3911 1116 3978 Italiam
1138 3913 1305 4000 trajicere,
1327 3913 1425 3978 immo

282 4027 358 4106 post
377 4041 517 4105 pugnam
540 4019 582 4086 ad
603 4019 778 4086 Baeculam
798 4019 918 4086 iactam
950 4018 1088 4090 demum.
1107 4019 1235 4086 uidetur
1266 4020 1327 4086 hec
1348 4041 1427 4086 cou-

282 4129 388 4197 silium
409 4129 552 4212 cepisse,
575 4129 662 4212 quod
684 4129 778 4194 iniis
800 4128 960 4212 partibus,
983 4149 1068 4212 quas
1089 4128 1132 4194 ad
1154 4128 1333 4194 realtaliae
1354 4149 1427 4213 per-

282 4239 397 4320 tinent,
421 4237 549 4322 saepius
569 4238 698 4322 legitur,
721 4237 852 4318 XXVII,
876 4259 902 4303 c.
928 4242 957 4302 6.
981 4258 1009 4302 o.
1033 4243 1062 4301 7.
1084 4258 1112 4302 e.
1136 4240 1188 4315 35,
1211 4240 1248 4318 ὃς
1277 4237 1426 4304 Romani·

282 4368 344 4432 que
366 4345 428 4412 hoc
450 4348 562 4414 nuntio
585 4348 725 4431 perculsi
752 4347 943 4414 dictatorem
976 4346 1096 4412 dieunt.
1152 4345 1304 4428 Accedit,
1340 4345 1425 4431 quod

282 4455 402 4534 XXVI,
428 4460 530 4534 51,3
571 4454 701 4523 Laelius
724 4451 919 4538 Carthagine
952 4475 1035 4521 nova
1066 4453 1257 4537 aScipione
1290 4454 1425 4520 Romam

284 4562 441 4644 mittitur3
480 4561 614 4630 annales
641 4566 749 4628 autem
773 4560 952 4644 XXVII,7
984 4561 1109 4642 dicunt,
1143 4581 1216 4626 eum
1245 4559 1427 4627 Tarracone

283 4693 352 4740 csse
375 4672 566 4758 profertum.
621 4671 744 4750 Quibus
775 4670 963 4757 praemissis
993 4670 1033 4738 ad
1058 4692 1097 4738 aa
1119 4670 1245 4755 capita,
1267 4689 1352 4755 quae
1373 4689 1427 4736 res
